3270 5244
848 557 1007 616 ..52-

397 695 481 785 gilla
500 695 551 765 rel
571 693 730 783 qualibet
752 694 900 765 materia
926 692 991 787 (t).
1013 694 1084 765 Neo
1102 693 1262 764 nonalia
1279 693 1317 763 iu
1337 695 1462 783 pueri*

397 817 492 890 libus
525 815 620 889 ludis
658 819 774 889 locurn
808 825 1013 890 tenuerunt.
1050 819 1177 890 Nonne
1206 817 1409 907 accepimus
1442 837 1464 888 a

398 941 574 1023 Lucieno,
611 961 682 1031 quo
723 940 830 1014 ruodo
864 941 1026 1032 plerique
1057 940 1127 1013 sihi
1160 940 1355 1032 crepundia
1388 940 1461 1012 lin·

396 1070 519 1153 gerent
537 1064 638 1155 pueri
654 1123 659 1140 .
678 1065 803 1156 argilla
817 1066 871 1136 vel
887 1083 966 1136 cera
980 1070 1127 1136 tractata
1144 1072 1251 1155 atque
1271 1065 1308 1135 in
1328 1064 1462 1155 figuras

397 1185 660 1259 diversissimas
680 1188 807 1272 ducta,
829 1208 973 1279 quoque
997 1188 1103 1260 ruodo
1124 1189 1221 1278 ipse,
1244 1187 1290 1259 ab
1310 1188 1463 1260 infantia

396 1309 434 1381 in
464 1310 631 1403 lingendo
655 1313 812 1403 periton,
838 1313 968 1391 hoves,
998 1332 1109 1403 equos
1133 1321 1240 1402 atque
1262 1313 1368 1384 etiam
1392 1313 1459 1384 ho·

396 1435 512 1508 mines
545 1437 737 1508 inlorrnare
764 1437 893 1509 soleret
927 1434 1008 1531 (λγ.)
1042 1438 1168 1508 Nonne
1200 1436 1362 1527 queritur
1394 1435 1461 1508 Dio

395 1564 467 1629 tam
489 1560 619 1631 multas
647 1561 685 1630 in
705 1558 794 1632 urhe
816 1561 1026 1632 constitutas
1049 1559 1168 1631 ridere
1196 1567 1331 1632 statuas
1351 1577 1461 1651 quam

397 1680 514 1773 sigilla
533 1685 652 1774 pueris
670 1683 802 1755 donata
825 1681 899 1778 (3)‘?
915 1685 1001 1770 Quae
1016 1684 1185 1775 quidem,
1208 1684 1316 1755 variis
1336 1683 1462 1755 colori·

396 1805 465 1877 bus
492 1806 676 1888 distincta,
706 1807 898 1879 abeodem
923 1808 1077 1879 Lucieno
1101 1807 1139 1878 in
1164 1807 1239 1879 loro
1264 1808 1384 1880 venire
1408 1807 1462 1879 di·

397 1935 526 2002 cuntur
556 1927 627 2025 (l),
654 1949 720 2003 neo
743 1931 893 2003 dubium
921 1932 1010 2021 quin
1037 1931 1170 2005 luerint
1193 1930 1388 2021 aliquando
1415 1930 1462 2003 ad

396 2053 605 2126 alliciendos
625 2036 926 2145 delectandosque
945 2073 1075 2147 pueros
1096 2061 1298 2145 comparata
1320 2053 1384 2150 (t).

446 2179 558 2264 Quarn
579 2177 728 2251 formam
749 2178 941 2252 induerent
959 2179 1213 2271 imagunculae,
1236 2179 1342 2252 etiarn
1362 2197 1461 2270 pors-

429 2433 463 2496 (l)
476 2429 559 2490 Suet..
575 2432 675 2493 cloud„
691 2433 714 2482 5.
729 2430 851 2482 Tiberius
870 2435 979 2495 patruus
996 2433 1094 2494 petenti
1114 2434 1227 2483 honores
1246 2433 1396 2483 consularia
1416 2446 1462 2482 or·

397 2526 520 2571 numento
534 2523 638 2572 detulit.
655 2522 706 2571 Sed
721 2522 864 2570 instantius
878 2521 1011 2583 legitimos
1024 2522 1166 2583 flagitanti.
1185 2522 1213 2570 id
1227 2522 1315 2571 solum
1330 2520 1463 2571 codicillis

397 2610 553 2674 rescripsit:
574 2611 748 2674 quadraginta
768 2623 863 2659 aurcos
882 2610 909 2657 in
928 2608 1076 2658 Saturnalia
1097 2616 1124 2660 ct
1144 2607 1276 2673 Sigillaria
1300 2610 1406 2659 misisse
1426 2609 1462 2660 ci.

396 2696 500 2760 Sencc„
517 2701 608 2763 Epist,
623 2713 674 2759 xri,
689 2701 712 2750 3.
731 2697 791 2748 Νοιι
803 2698 943 2761 cognoscis
957 2700 1021 2747 me?
1035 2700 1137 2761 inquit;
1155 2713 1204 2762 ego
1218 2713 1277 2747 sum
1291 2697 1398 2759 Felicio,
1417 2699 1462 2749 cui

396 2789 499 2838 solebas
517 2789 643 2851 sigillaria
660 2790 761 2838 afferre.
779 2786 905 2849 Macron..
925 2787 1043 2847 Solum„
1060 2786 1085 2848 1,
1105 2787 1141 2849 ll,
1158 2786 1196 2836 48.
1213 2786 1338 2850 Pelasgos
1402 2799 1461 2838 coe·

396 2877 468 2941 pisse
486 2875 600 2926 Saturno
612 2890 702 2926 cereos
715 2877 804 2939 potius
817 2877 962 2926 accendere
978 2879 1005 2925 ct
1022 2877 1049 2924 in
1063 2878 1188 2926 sacellum
1203 2875 1270 2926 Ditis
1282 2889 1336 2926 arae
1351 2875 1462 2926 Saturni

396 2967 534 3016 colraerens
548 2966 640 3016 oscilla
652 2967 773 3028 quaedam
788 2980 835 3030 pro
852 2968 908 3016 suis
923 2966 1055 3029 capitibus
1069 2967 1143 3015 serre.
1162 2965 1203 3015 Ex
1221 2968 1267 3015 illo
1285 2967 1413 3016 traditum
1432 2970 1463 3016 ut

396 3057 467 3106 cerei
480 3053 665 3105 Saturnalibus
679 3055 873 3104 missitarentur
887 3060 914 3104 et
927 3055 1015 3118 sigilla
1029 3059 1086 3103 arte
1098 3054 1173 3104 fictili
1187 3055 1359 3117 fingerentur.

426 3146 461 3210 (δ)
476 3146 594 3204 Luciam,
609 3148 707 3205 Sumit„
722 3144 754 3193 ‘22
769 3145 946 3211 Ἐτειιμαίρετο
956 3145 983 3194 δὲ
994 3150 1048 3201 ταῖς
1058 3147 1087 3194 ἐκ
1100 3151 1144 3194 τοῦ
1156 3150 1233 3209 κηροῦ
1245 3146 1354 3202 παιδιαῖς
1369 3145 1463 3196 tortu

396 3239 443 3301 γὰρ
454 3236 565 3299 ἀφεθείην
578 3235 627 3285 ὑπὸ
640 3240 689 3284 τῶν
701 3235 870 3288 διδασκάλων,
884 3235 993 3289 ἀποξέων
1010 3235 1040 3282 ἂν
1055 3235 1097 3282 τδν
1112 3235 1186 3298 αηρδν
1200 3235 1215 3292 ἡ
1231 3235 1289 3296 βόας
1309 3236 1324 3293 ἡ
1343 3234 1461 3292 lamech

394 3328 438 3376 ιιαὶ
449 3329 479 3387 νὴ
492 3328 529 3376 Δι’
544 3326 685 3389 ἀνθρώπους
698 3326 850 3374 ἀνέπλαττον
865 3340 871 3352 ·
887 3325 924 3387 ἐφ’
939 3325 975 3380 οἱς
989 3324 1057 3385 παρὰ
1073 3324 1116 3384 μὲν
1131 3328 1181 3372 τῶν
1198 3323 1351 3372 διδασκάλων
1368 3321 1462 3385 πληγὰς
1482 3317 1485 3321 ’

395 3416 544 3478 δλαμδανον.
562 3415 612 3473 td,
629 3413 762 3475 Halcyon..
776 3413 791 3461 δ
806 3433 812 3461 z
828 3414 863 3462 Τδ
877 3414 920 3475 μὲν
934 3414 982 3475 γὰρ
994 3416 1107 3461 τοιοῦτον
1123 3413 1165 3461 καὶ
1180 3413 1213 3461 τὰ
1224 3412 1345 3476 παιδάρια
1357 3411 1389 3459 τὰ
1402 3412 1461 3476 παρ’

394 3507 454 3568 ἡμῖν
466 3504 498 3553 τὰ
510 3503 626 3552 πλάττειν
640 3503 803 3564 ἐπιστάμενα,
816 3503 893 3559 πηλὸν
905 3503 920 3559 ἢ
931 3500 1006 3565 κηρὸν
1021 3502 1081 3549 ὅταν
1095 3501 1165 3564 letto,
1180 3500 1267 3565 ῥαδίως
1280 3501 1309 3549 ἐα
1325 3504 1370 3549 τοῦ
1384 3499 1462 3548 αὐτοῦ

395 3593 511 3647 πολλάκις
523 3592 598 3653 lyceo
612 3591 820 3654 μετασχηματίζει
832 3591 924 3646 πολλὰς
934 3590 1006 3639 ἰδεῶν
1021 3592 1112 3652 φύσεις.

427 3680 462 3743 (δ)
479 3677 529 3728 Dio
540 3677 687 3740 chrysost,
708 3679 789 3738 Orat„
804 3690 877 3732 ml.
893 3693 919 3740 p.
934 3678 980 3727 356
992 3676 1019 3726 Μ
1034 3697 1041 3725 t
1055 3682 1190 3742 Τοιγαροῦν
1205 3679 1296 3741 ὁμοίως
1309 3679 1392 3730 δίδοτε
1405 3681 1463 3736 τοὺς

396 3768 550 3834 ἀνδριάντας,
567 3768 653 3831 ὥσπερ
670 3769 694 3816 οἱ
709 3768 753 3823 τὰς
769 3768 844 3832 πόρος
862 3768 953 3824 ταύτας
967 3769 1102 3830 ὠνούμενοι
1115 3772 1167 3824 τοῖς
1181 3769 1262 3818 παισί.
1281 3765 1322 3819 Gi.
1341 3769 1389 3830 ἰὼ,
1410 3782 1462 3832 ux,

389 3872 424 3922 p.
440 3856 488 3908 580
503 3855 539 3907 tt.

426 3947 463 4009 (i)
479 3946 595 4006 Lucia,
614 3945 726 4009 aaut,
740 3944 790 3995 Yl:
809 3944 852 4003 Ὦς
864 3952 907 3996 νῦν
925 3963 954 4010 γε
972 3946 1090 4006 ἐλελήθεις
1107 3947 1199 3997 σανα-δν
1215 3952 1267 4005 τοῖς
1285 3948 1334 3997 ὑπὸ
1348 3953 1400 3997 τῶν
1418 3965 1464 3998 ια-

395 4039 520 4100 motor
533 4039 566 4093 εἰς
576 4038 621 4094 τὴν
634 4038 727 4100 ἀγορὰν
740 4038 917 4099 πλαττομένοις
932 4036 1026 4091 ἐοικὼς.
1037 4039 1208 4101 κεχρωσμένος
1224 4038 1267 4099 μὲν
1280 4043 1310 4099 τῇ
1327 4036 1406 4101 μίλτῳ
1419 4038 1466 4086 παὶ

396 4131 431 4190 τῷ
442 4129 536 4189 κυανῷ,
546 4129 574 4176 τὸ
588 4128 705 4175 δένδοδεν
715 4128 815 4184 πηλινός
826 4143 855 4176 τε
866 4128 909 4175 ui
922 4130 1053 4192 ὠθρνπτος
1063 4128 1106 4175 ὧν.

429 4220 453 4278 (ὁ
481 4217 595 4264 Sindus:
611 4220 764 4279 Kopotlr'r‘tor
790 4254 807 4265 ..
826 4220 850 4266 ol
869 4219 1095 4281 ιαταοχευάζοντες
1113 4217 1203 4267 εἷδωλα
1221 4218 1317 4280 βραχέα
1331 4217 1361 4266 ἐι
1382 4221 1465 4276 πηλοῦ
1547 4281 1551 4285 “

396 4311 493 4356 πάντων
510 4311 587 4363 ζώων.
600 4309 635 4355 ol:
650 4310 816 4361 ἐξαπατᾶσθαι
830 4310 861 4355 τὰ
875 4309 995 4370 παιδάρια
1009 4308 1101 4355 εἶωδεν.
