3246 5234
714 489 893 549 -104-

267 637 410 719 aspeotu
433 647 489 699 res
510 629 687 698 humanas
708 628 936 717 exprimunt,
958 644 999 696 ea
1018 624 1183 715 pluribus
1204 623 1331 695 usibus

267 760 348 843 apta
375 752 486 833 luisse
511 752 774 823 contendimus.
805 751 933 822 Nostra
963 749 1109 839 quidem
1129 748 1329 828 sententia,

266 879 406 949 nullum
438 877 491 948 vel
522 875 683 947 divinum
714 875 769 947 rel
797 874 984 946 funebrem
1012 874 1067 946 vel
1097 874 1333 977 domesticum

267 1021 413 1074 sensum
446 1021 468 1071 a
499 1000 683 1072 littoribus
715 1000 955 1089 aooipiehant3
987 998 1097 1069 fiebat
1125 1003 1329 1078 autemut,

267 1127 436 1216 emptoris
452 1124 613 1206 arbitrio,
636 1123 759 1195 eadem
781 1129 901 1194 votum
922 1124 960 1193 in
983 1123 1156 1193 honorem
1184 1121 1330 1193 deorum

267 1251 523 1341 significarent,
546 1250 575 1320 si
597 1249 634 1318 in
655 1249 786 1338 templo
802 1254 864 1318 aut
877 1247 1007 1318 larario
1025 1254 1330 1331 consecrarentur,

266 1376 321 1447 vel
337 1375 505 1465 pietatem
520 1393 603 1465 erga
617 1376 752 1455 Manes,
771 1373 802 1444 si
819 1373 857 1442 in
870 1373 1033 1462 sepulcro
1052 1372 1329 1463 deponerentur,
1359 1396 1360 1399 ¹
1423 1366 1428 1376 '

266 1500 321 1570 vel
349 1499 636 1570 benevolentiam
665 1517 747 1588 erga
773 1497 906 1568 amieos
930 1503 991 1566 aut
1016 1515 1168 1587 pueros,
1187 1497 1218 1566 si
1238 1495 1330 1567 dono

269 1623 451 1694 darentur.
471 1622 557 1693 lnde
578 1629 701 1693 exorta
715 1628 770 1693 est
788 1639 916 1712 magna
933 1621 970 1692 in
985 1620 1154 1712 lingendo
1169 1620 1329 1704 lieentia3

267 1745 359 1817 nihil
377 1748 472 1817 enim
493 1746 741 1836 impedimenti
761 1753 858 1829 erat,
881 1746 969 1835 quin
996 1764 1121 1817 omnes
1141 1744 1331 1834 sculpturae

269 1871 483 1943 mutationes
502 1890 560 1942 ars
578 1871 701 1962 figlina
716 1879 938 1961 sequeretur,
952 1872 1108 1962 primum
1126 1870 1172 1941 ad
1191 1869 1330 1942 divinas

266 2001 301 2066 et
317 1995 490 2086 mythicen
510 2012 566 2069 res
583 1995 720 2068 intenta
739 2003 774 2067 et
792 1996 986 2067 formarum
998 1998 1113 2088 rigore
1126 1995 1329 2086 oonspioua,

267 2119 397 2190 deinde
428 2120 474 2190 ad
499 2121 578 2192 ritae
606 2120 810 2192 domesticae
840 2120 1075 2192 imitationem
1104 2139 1273 2192 oonrersa
1299 2127 1332 2191 et

250 2221 435 2316 'liberiore
453 2245 607 2335 quadam
628 2245 804 2335 elegantia
815 2244 981 2336 insignis.

318 2371 404 2454 Quae
427 2376 545 2441 autem
573 2388 680 2441 eausa
705 2376 759 2441 est
782 2389 845 2440 our
859 2370 970 2441 Graeei
991 2369 1156 2441 eumdem
1176 2388 1259 2462 erga
1277 2372 1332 2443 de·

267 2494 406 2565 lunetos
427 2494 561 2566 oultum
581 2502 652 2566 tam
669 2495 818 2566 dirersis
837 2495 1035 2585 sigillorum
1050 2493 1174 2566 formis
1194 2494 1331 2587 signifi-

267 2617 405 2689 carint?
429 2620 507 2691 Non
535 2627 588 2691 est
612 2619 911 2703 obliviscendum,
939 2603 1020 2709 quae
1037 2619 1194 2692 Manium
1210 2600 1333 2710 religio

267 2742 363 2833 apud
378 2743 546 2833 antiquos
567 2744 729 2834 viguerit.
751 2746 872 2834 Manes
893 2743 1039 2833 quidem
1055 2744 1105 2815 dii
1125 2745 1328 2816 hahentur:

268 2867 340 2940 lere
360 2867 489 2939 iisdem
510 2870 722 2950 honoribus,
741 2868 939 2951 sacrifieiis,
960 2869 1179 2952 libamentis,
1197 2870 1331 2961 suppli·

268 2991 469 3062 dationibus
490 2993 672 3075 coluntur,
697 2992 831 3083 quibus
854 2992 980 3083 Superi
1001 2999 1035 3065 et
1054 2993 1174 3065 loieri.
1202 2995 1330 3067 Praete·

268 3133 340 3197 rea,
363 3115 401 3184 in
416 3117 589 3207 sepulcris
607 3116 819 3200 residentes,
840 3118 947 3189 rebus
963 3119 1132 3190 humanis
1148 3121 1333 3192 consulere

268 3245 302 3309 et
321 3240 515 3328 praesidere
536 3260 555 3312 e
572 3243 738 3332 propiore
757 3243 834 3313 loeo
853 3241 1030 3314 videntur.
1050 3245 1186 3316 Divinae
1204 3227 1330 3317 volun·

267 3364 350 3434 tatis
371 3365 475 3453 quasi
495 3364 722 3456 interpretes,
745 3367 862 3438 adres
882 3366 1035 3439 incertas
1054 3368 1330 3459 patefaciendas,

268 3485 477 3559 adfuturas
507 3490 804 3578 praenuntiantes
839 3510 860 3561 a
895 3492 1097 3564 viventibus
1128 3501 1330 3567 evocantur.
1452 3553 1455 3557 .

270 3611 578 3696 Quemadmodum
598 3615 706 3705 igitur
725 3616 870 3706 publiea
892 3625 991 3689 aurat
1016 3619 1159 3709 religio,
1185 3627 1225 3690 ut
1245 3620 1332 3693 deus

267 3736 305 3805 in
327 3738 457 3828 templo
478 3739 646 3811 omnihus
667 3742 879 3814 necessariis
897 3750 931 3815 et
949 3745 1116 3836 pretiosis
1135 3746 1334 3819 instruatur
1407 3777 1409 3781 >

268 3859 396 3942 rebus,
417 3860 467 3932 ita
487 3870 716 3954 cognatorum
736 3867 868 3956 pietas,
891 3874 929 3938 ut
950 3867 1138 3939 defunctus
1156 3869 1194 3939 in
1215 3871 1333 3960 sepul·
1435 3938 1436 3941 ,
1539 3872 1540 3875 ‘

268 4001 326 4053 oro
352 3984 488 4056 nullius
516 3986 566 4058 rei
593 3987 764 4079 indigeat.
796 3990 1104 4075 Quemadmodum
1134 3999 1253 4065 autem
1274 4012 1332 4065 ou·

263 4108 397 4198 jusque
415 4112 554 4200 generis
575 4113 766 4185 simulacra
784 4116 957 4206 templum
983 4117 1171 4201 decorant,
1198 4118 1248 4190 ita
1273 4137 1329 4191 se-

267 4232 431 4323 polorum
458 4243 588 4308 ornant
619 4238 864 4311 diversissima
894 4247 969 4312 arte
998 4247 1032 4314 et
1060 4242 1173 4314 forma
1199 4242 1328 4335 sigilla.
