3246 5234
829 544 1009 608 ἐψ-

387 681 601 755 effodiantur
616 683 733 773 sigilla
748 702 767 754 e
783 682 919 754 cunctis
940 684 1113 774 sepulcris
1135 680 1199 778 (l).
1218 682 1322 754 Haud
1336 684 1450 773 aequis

387 808 483 878 enim
504 807 669 879 coluntur
687 807 886 879 honoribus
906 826 1031 880 omnes
1050 808 1121 892 dii,
1145 826 1262 898 neque
1285 807 1452 879 iruuntur

386 951 490 1022 aequa
509 931 691 1004 actoritate
710 950 835 1003 omnes
855 931 1025 1004 defuncti.
1044 933 1082 1004 Si
1102 933 1184 1024 quis
1205 934 1243 1003 in
1263 932 1336 1004 vita
1357 939 1450 1004 cete·

389 1074 447 1128 ros
467 1057 632 1128 bomines
647 1063 821 1147 potestate
840 1063 902 1127 aut
921 1056 1055 1128 divitiis
1076 1058 1314 1147 superaverit,
1337 1056 1368 1127 is
1387 1058 1454 1128 erit

389 1180 450 1270 qni
469 1187 717 1272 postmortem
735 1181 858 1252 eadem
879 1180 1124 1253 dominatione
1145 1188 1265 1253 utatur
1290 1188 1324 1253 et
1349 1181 1451 1252 debi-

387 1312 464 1376 tum
501 1305 665 1395 exquirat
697 1304 852 1388 cultum;
884 1305 981 1394 qnod
1012 1305 1043 1376 si
1076 1305 1224 1376 humilis
1257 1312 1292 1377 et
1318 1323 1455 1397 pauper

388 1429 527 1511 vixerit,
550 1434 605 1499 sat
626 1428 694 1499 erit
720 1434 759 1499 ut
785 1429 823 1498 in
847 1427 945 1499 iossa
969 1428 1096 1519 exigua
1121 1429 1241 1500 nudus
1265 1429 1451 1500 condatur.

266 1643 269 1650 ι
389 1553 442 1622 Ab
469 1552 559 1643 ipsis
584 1553 740 1623 inimicis
772 1558 806 1623 et
833 1553 1121 1624 interlectoribus
1149 1571 1210 1624 rer
1237 1552 1454 1644 Agamemno

390 1675 563 1747 libamina
582 1684 617 1748 et
635 1677 915 1767 supplicationes
934 1676 1077 1769 accipit;
1100 1678 1181 1766 quis
1201 1683 1319 1748 autem
1335 1677 1379 1749 de
1399 1678 1454 1748 lro
1474 1762 1477 1767 ,

390 1800 555 1873 defuncto
581 1798 703 1871 curat?
728 1800 815 1871 lnde
841 1799 882 1871 iit
908 1807 948 1871 ut
974 1800 1139 1891 quaedam
1165 1800 1315 1892 sigillis,
1337 1801 1453 1883 vasis,

390 1925 610 1998 ornamentis
637 1925 823 1997 abundent
846 1927 1026 2016 sepulcra;
1057 1933 1096 1997 ut
1125 1926 1281 2015 plurima
1308 1926 1456 1996 omnino

390 2059 526 2123 vacent.

303 2167 304 2170 ‘
439 2174 728 2248 Nostraetandem
739 2175 1026 2266 interpretationi
1036 2175 1200 2246 convenit
1212 2175 1289 2247 baec
1303 2193 1373 2258 res,
1381 2175 1456 2264 jam

390 2301 435 2371 ab
454 2301 535 2372 aliis
556 2299 817 2371 disserentibus
837 2305 984 2370 tractata
1008 2296 1072 2392 (b),
1095 2299 1257 2390 regiones
1281 2299 1457 2389 quasdam

391 2426 537 2497 omnino
562 2444 679 2497 carere
709 2425 853 2515 sigillis,
882 2423 932 2494 ita
956 2431 995 2495 ut
1019 2424 1182 2515 sepulcra
1201 2424 1295 2495 vasis
1320 2431 1355 2496 et
1376 2424 1457 2497 aliis

338 2634 340 2638 ‚
390 2550 639 2623 instrumentis
655 2537 853 2629 abundent
871 2547 1004 2639 figlinis
1020 2556 1138 2620 autem
1154 2548 1370 2640 imaginibus
1391 2549 1457 2619 mi-

390 2674 501 2745 nime.
521 2674 719 2760 Quamdam
740 2674 836 2744 enim
858 2671 1191 2743 dissimilitudinem
1208 2673 1246 2742 in
1266 2673 1344 2762 ipso
1364 2679 1455 2743 tem-

390 2798 531 2890 plorum
547 2797 969 2869 ornatnanimadvertere
985 2797 1079 2867 licet.
1097 2797 1249 2867 lunonis
1262 2797 1457 2869 Melitensis
1502 2862 1503 2865 .
1601 2847 1604 2850 -

391 2924 563 3014 templum
585 2940 713 3012 magna
731 2923 764 2992 vi
783 2922 901 2993 eboris
922 2928 1118 3012 spectatum
1139 2921 1291 2992 traditur
1309 2917 1356 3013 (5)
1370 2943 1379 3003 ;
1393 2923 1458 3022 lu·

392 3048 499 3118 nonis
518 3054 637 3117 autem
663 3047 792 3117 Samiae
813 3045 936 3117 lanum
963 3046 1101 3137 ingenti
1125 3045 1276 3116 vestium
1296 3050 1331 3115 et
1355 3043 1457 3115 texti·

393 3175 481 3246 lium
502 3173 603 3264 copia
621 3170 690 3267 (l).
712 3172 838 3244 Nonne
861 3173 969 3263 igitur
988 3171 1066 3242 lieri
1087 3172 1204 3261 potuit
1229 3178 1268 3242 ut
1292 3189 1358 3242 sua
1380 3170 1455 3241 cui·

393 3318 463 3390 que
481 3299 612 3370 civitati
633 3297 805 3388 placuerit
820 3296 974 3367 ornandi
993 3294 1105 3366 ratio?
1120 3297 1246 3366 Nonne
1262 3313 1365 3384 aequo
1377 3285 1458 3384 jure

392 3423 614 3496 existimabis
634 3423 828 3513 plurimum
850 3420 1043 3492 contulisse
1063 3420 1274 3491 decorandis
1294 3418 1454 3499 aedibus,

392 3548 535 3638 templis
555 3554 589 3618 et
609 3547 794 3636 sepulcris,
817 3553 929 3616 artem
946 3564 1026 3635 quae
1044 3552 1127 3615 ante
1149 3546 1237 3615 alias
1257 3545 1294 3614 in
1315 3543 1460 3634 regione

393 3669 562 3743 florebat?
581 3670 674 3756 Quid
693 3669 800 3760 igitur
818 3670 963 3754 mirum,
980 3687 1023 3740 ex
1039 3669 1163 3740 Atticis
1184 3668 1356 3758 sepulcris
1374 3685 1459 3737 vasa

423 3985 459 4048 (1)
474 3982 512 4051 Oi,
531 3978 596 4033 nott.
612 3985 645 4053 dg
656 3995 721 4033 corr.
738 3977 839 4039 bellem,
856 3989 896 4042 m,
912 3996 937 4043 p.
952 3972 1006 4031 lot.

376 4056 719 4136 'wmwffffl
979 4064 983 4072 ³

424 4165 459 4227 13)
473 4162 538 4224 cio,
555 4165 586 4211 De
602 4163 700 4224 Signis,
717 4161 755 4222 dc,
774 4159 825 4211 103.

424 4252 585 4315 (ηοω-1115,
598 4251 750 4315 lecclrristen
762 4266 787 4300 o.
800 4250 908 4301 Studien
920 4262 967 4298 zor
980 4247 1063 4300 Gesob.
1078 4261 1101 4296 c.
1115 4248 1214 4305 Samos,
1226 4263 1251 4311 p.
1265 4245 1302 4297 10.
1311 4244 1340 4297 P.
1351 4240 1458 4295 ‘Girard

396 4343 462 4391 111111.
477 4345 506 4390 do
517 4355 582 4390 corr.
596 4340 695 4397 bellem,
708 4354 744 4393 ιν,
757 4357 781 4402 p.
797 4339 851 4388 186.
866 4338 1192 4397 Ma1·rha,less¹acerdoces
1206 4336 1347 4393 albiniono,
1363 4349 1389 4397 p.
1407 4332 1460 4394 101,
