3246 5234
831 553 870 568 -
892 520 930 580 ῃ
951 553 991 566 -

379 662 457 733 nus
477 620 619 742 ortatur,
640 661 799 752 cujus-tn
818 659 995 732 vestrano
1014 658 1256 748 duodeviginti
1279 657 1384 728 noun
1404 657 1441 728 tn

269 787 271 791 ’
380 805 481 887 muro
500 787 607 859 excisi
627 786 848 876 apparebant
866 792 974 875 atque
992 784 1105 867 intua,
1128 783 1201 855 vite
1219 783 1356 855 alterna
1370 780 1442 853 dis·

257 971 260 977 ,
379 911 519 1002 positae,
542 929 750 983 marmoreae
768 912 978 982 Hermarum
998 908 1134 1000 efligies
1154 914 1188 981 et
1207 907 1330 999 figurae
1349 923 1443 997 quae·

379 1037 461 1108 darn
481 1040 523 1108 err
542 1037 667 1126 argilla
689 1032 753 1130 (t).
778 1035 956 1126 aquibus
974 1035 1155 1126 pleraeque
1175 1032 1280 1105 nobis
1296 1038 1442 1104 servatae

380 1169 482 1244 sunt,
504 1179 569 1234 nee
593 1162 692 1252 parvi
718 1162 824 1252 pretii
853 1169 907 1234 est
931 1160 1174 1243 considerare,
1197 1178 1305 1250 quam
1330 1158 1442 1230 simil·
1518 1202 1520 1211 ,

379 1285 474 1358 limae
494 1286 621 1377 sigillis
637 1287 740 1375 juxta
764 1295 923 1359 mortuos
947 1285 1120 1376 depositis
1141 1303 1220 1358 esse
1239 1285 1438 1356 videantur.

380 1413 591 1484 Proceritate
624 1411 839 1495 medioeres,
871 1411 1050 1484 coloribus
1082 1408 1280 1492 distinctae,
1317 1407 1442 1480 rudem
1536 1509 1539 1516 Ι

379 1537 572 1628 quamdam
593 1544 627 1609 et
646 1537 865 1611 inconditam
880 1545 992 1610 artem
1012 1536 1227 1618 redolentes,
1250 1535 1383 1626 saepius
1398 1534 1443 1605 ad

380 1680 437 1734 res
464 1661 633 1734 ridiculas
667 1662 913 1754 obscenasque
939 1680 1068 1743 versae,
1100 1661 1191 1733 miro
1220 1659 1325 1731 modo
1361 1678 1443 1731 con·

380 1792 512 1878 gruunt
531 1805 609 1859 cum
629 1785 752 1879 liguris
773 1807 867 1879 quae,
889 1790 1048 1860 Romana
1067 1792 1183 1870 aetate,
1205 1787 1244 1857 in
1263 1785 1374 1858 ltaliae
1389 1785 1442 1857 vel

380 1911 475 1984 Asiae
490 1913 662 2001 sepulcris
673 1912 826 1984 conditae
841 1911 997 1984 luerunt.
1016 1913 1100 1983 Tres
1116 1909 1261 2000 quidem
1277 1927 1441 1981 vasorum

381 2036 529 2107 formam
550 2037 725 2119 induunt,
748 2044 787 2110 ut
802 2038 926 2111 eodem
943 2045 1101 2128 ternpore
1116 2036 1194 2108 lieri
1215 2036 1353 2108 solebat
1371 2032 1440 2129 (l);

381 2180 532 2252 quarum
554 2179 626 2233 una
646 2181 755 2234 senex
781 2162 947 2252 quidam,
968 2163 1098 2234 vestitu
1117 2156 1269 2234 barbaro
1299 2161 1441 2251 conspi-

381 2302 487 2368 cuus
510 2285 708 2376 ellingitur,
726 2286 883 2358 secunda
903 2293 937 2359 et
955 2287 1059 2359 tertia
1077 2287 1292 2377 pumiliones
1313 2285 1444 2358 deridi-

381 2410 460 2481 culo
480 2411 593 2492 vultu,
615 2412 699 2502 peni
720 2411 869 2502 ingenti,
891 2413 1010 2485 servili
1030 2419 1125 2485 veste
1141 2418 1176 2483 et
1190 2410 1315 2483 deraso
1331 2411 1444 2501 capite

381 2535 541 2625 insignes
569 2533 633 2629 (5).
663 2537 788 2610 Simile
811 2537 993 2627 quoddam
1016 2539 1204 2610 histrionis
1228 2542 1290 2608 aut
1314 2555 1444 2609 scurrae

382 2664 487 2748 caput
515 2667 642 2747 quarta
665 2660 779 2752 ligura
806 2662 1018 2753 exprimitur
1049 2659 1113 2756 (ll).
1143 2662 1275 2747 Quinta
1304 2667 1442 2739 autem,

382 2782 580 2871 praesertim
607 2785 777 2858 notabilis
800 2792 834 2859 et
861 2787 994 2859 inclitae
1014 2785 1199 2877 cujusdam
1219 2786 1350 2858 tabulae
1370 2785 1446 2856 imi·

383 2906 551 2979 tationem
580 2917 783 2998 prosecuta,
821 2910 957 3000 praehet
990 2909 1101 2981 liliam
1130 2911 1220 3001 patri
1247 2910 1385 3000 captivo
1413 2916 1447 2981 et

383 3028 475 3101 lame
495 3039 706 3121 consumpto
727 3051 918 3105 mammam
940 3034 1102 3117 dantem,
1133 3054 1214 3125 quae
1247 3060 1261 3097 a
1288 3036 1447 3104 Romana

383 3153 554 3225 Caritas»
584 3154 687 3246 vulgo
714 3155 844 3227 dicitur
879 3154 942 3250 (d).
975 3156 1078 3244 Quod
1112 3158 1258 3248 quidem
1279 3155 1446 3228 demons-

382 3283 474 3351 trare
500 3280 639 3353 videtur
665 3281 787 3373 figline
815 3282 979 3373 quaedam
1008 3283 1126 3374 sigilla
1153 3284 1244 3355 nihil
1269 3282 1446 3374 proluisse
1556 3376 1557 3379 ,

416 3667 448 3729 (ll
466 3665 585 3723 Rohden,
601 3682 627 3729 p.
645 3666 733 3729 17,6ἳ.

416 3757 447 3820 (ll
469 3755 509 3808 Ol.
528 3757 611 3818 Treu,
641 3756 798 3808 drtecttscte
821 3759 983 3823 rtongalcssa
1005 3762 1036 3811 io
1060 3763 1201 3813 Statuetten
1215 3774 1241 3810 u.
1264 3759 1445 3824 centensem,

383 3847 482 3908 Berlin,
500 3847 569 3898 1875.

415 3935 447 3998 (3)
466 3935 500 3985 Η.
516 3950 570 3987 von
588 3936 712 4001 Rohden,
735 3939 891 3991 Torccotten
906 3953 957 3990 nott
978 3941 1105 4006 Pompeii,
1125 3957 1149 4006 p.
1173 3940 1210 3996 lt.
1230 3942 1266 4004 pl.
1287 3941 1332 4001 at,
1349 3939 1382 4000 33
1399 3939 1446 4001 36,

386 4027 412 4087 l,
429 4026 454 4075 2.
1195 4059 1203 4070 .

415 4115 447 4178 (l)
466 4116 515 4175 ld,
529 4116 567 4180 pl.
583 4115 621 4177 lt,
639 4116 663 4166 4.

413 4204 448 4268 (5)
463 4206 511 4267 ld..
526 4207 562 4270 pl.
580 4205 619 4256 lt.
632 4204 672 4256 De
688 4207 767 4271 pictis
782 4208 889 4270 tubulis,
908 4221 968 4272 quae
986 4209 1105 4260 eamdem
1120 4209 1260 4273 imaginem
1274 4209 1445 4273 exprimunt,

383 4295 418 4345 ci.
435 4295 483 4359 td,
498 4310 524 4359 p.
539 4294 625 4358 tat-59,
636 4295 680 4359 lig.
693 4295 733 4358 27,
746 4296 784 4357 28,
800 4295 841 4347 29.
