3246 5234
507 1414 650 1489 CAPUT
683 1406 909 1503 QUARTUM.

180 1794 262 1865 oure
289 1796 516 1861 noceamus
541 1797 679 1851 smnus
699 1798 947 1854 ruulelrrouus
967 1801 1011 1854 lu
1032 1800 1243 1858 assensuros

369 1972 371 1974 ,
406 1921 557 1988 aurroul
582 1921 794 1975 uouuuuurl
820 1921 1014 1978 conruere.
1225 1912 1229 1919 '

227 2264 307 2337 Tria
327 2274 412 2338 sunt
434 2262 632 2356 sigillorum
654 2266 844 2357 generasi
865 2267 960 2357 quis,
978 2267 1126 2339 ubinam
1144 2286 1241 2360 repe·

146 2471 149 2475 ,
179 2386 336 2473 riantur,
359 2387 586 2465 considerare
611 2389 761 2462 curabit.
784 2389 918 2461 Cuncta
937 2389 1032 2462 enim
1061 2390 1129 2463 sub
1148 2398 1250 2465 terra·

178 2512 321 2585 condita
339 2513 515 2597 invenies,
534 2514 608 2586 sive
627 2513 723 2605 apud
742 2513 890 2585 deorum
910 2513 1060 2589 deluma
1076 2523 1111 2587 et
1130 2533 1242 2597 sacra·

178 2637 250 2720 ria,
273 2639 347 2710 sive
372 2638 410 2708 in
431 2637 570 2711 aedibus
589 2638 758 2729 privatis,
781 2639 855 2711 sive
878 2639 916 2710 in
943 2640 1130 2730 sepulcris
1154 2641 1241 2726 Quae

179 2761 323 2852 quidem
340 2762 481 2854 singula
497 2761 603 2833 nobis
622 2762 796 2835 intuenda
815 2744 912 2836 sunt.
1165 2744 1168 2749 ’

227 2886 354 2960 Nullus
372 2888 444 2959 lore
464 2894 518 2960 est
532 2888 652 2971 locus,
666 2889 815 2959 »numini
833 2887 974 2961 cuidam
995 2899 1237 2979 consecratus,

178 3008 215 3083 in
235 3030 306 3102 quo
330 3011 535 3102 figlinorum
563 3012 734 3102 reliquias
758 3019 920 3086 votorum
944 3013 1146 3088 eilodieudo
1167 3034 1241 3090 nou

178 3134 328 3227 deteget,
348 3133 566 3225 quicumque
585 3134 748 3207 lunditus
762 3136 878 3208 solum
896 3137 1120 3211 subverterit.
1133 3138 1241 3225 ‘Quod

178 3259 211 3331 si
228 3259 267 3332 in
295 3258 497 3332 recentibus
517 3258 619 3331 libris
636 3258 684 3331 de
704 3259 771 3330 hac
790 3277 827 3331 re
847 3260 1058 3332 brevissima
1082 3268 1143 3335 aut
1168 3261 1241 3337 lere

178 3385 278 3457 nulla
309 3383 737 3491 inueniturclescriptio,
771 3401 844 3456 non
880 3385 1064 3458 miramur.
1100 3387 1240 3478 Saepius

178 3509 274 3584 enim
293 3507 334 3582 iit
361 3516 401 3582 ut
424 3515 739 3582 monumentorum
767 3515 924 3582 veterum
951 3508 1176 3602 indagatores
1196 3512 1241 3586 de

177 3629 359 3723 lapidibus
374 3632 571 3724 inscriptis,
589 3632 633 3704 de
648 3633 857 3722 marmoreis
873 3633 1087 3721 simulacris,
1103 3632 1148 3708 de
1162 3632 1241 3725 ipsa

178 3754 321 3830 aedificii
345 3759 459 3829 iorma
476 3758 660 3841 laborent;
690 3731 877 3843 eaa'utem
897 3757 1040 3853 figlina,
1056 3777 1143 3848 ‚quae
1161 3758 1238 3850 ple·

178 3899 331 3973 rumque
349 3881 458 3954 lraota
479 3888 587 3972 atque
607 3881 774 3953 informia
789 3888 977 3965 eruuntur,
994 3881 1142 3954 omnino
1157 3881 1241 3954 uilia

178 4006 347 4080 habeant.
368 4005 541 4079 Nonnihil
559 4012 679 4078 tamen
699 4006 899 4098 accepimus
919 4004 963 4079 de
983 4006 1083 4092 locis,
1105 4006 1144 4078 in
1163 4007 1241 4101 qui·

178 4129 247 4204 ltus
266 4129 422 4222 plurima
439 4128 644 4220 figlinorum
667 4136 827 4203 votorum
843 4131 1040 4222 fragmenta
1057 4132 1240 4224 repertun·-

180 4260 267 4326 tur:
295 4246 445 4327 Athenis
472 4253 635 4344 quidem,
658 4253 704 4326 ad
731 4255 884 4345 Asclepii
909 4263 944 4328 et
971 4257 1093 4330 Dianae
1121 4274 1238 4329 sacrae
