3270 5244
808 487 968 548 ..14-

357 627 434 700 haec
451 626 633 717 voluptas,
655 625 858 697 Graecorum
877 623 1022 715 ingenio
1041 619 1321 713 spectatissima,
1341 637 1425 710 quae

355 770 400 825 ex
420 750 550 823 artium
574 749 693 822 studio
712 745 931 841 percipiunt
949 746 1076 820 Nonne
1091 745 1314 819 tolerabilius
1329 762 1424 816 mor·

287 892 289 895 ·
358 875 403 947 tis
440 893 620 948 aerumnas
657 882 692 947 et
728 873 884 965 sepulcri
917 870 1148 944 solitudinem
1184 868 1357 961 patietur,
1391 867 1423 940 si

356 999 532 1091 imagines
547 1000 650 1090 Juxta
669 1018 708 1072 se
726 997 908 1089 depositas
929 996 1071 1079 sentiet,
1094 995 1228 1086 quibus
1248 992 1425 1086 gaudebat

356 1123 470 1204 rivus,
488 1140 639 1212 quarum
655 1127 801 1212 aspectu
816 1120 996 1210 praeterita
1011 1118 1092 1190 vitae
1106 1116 1284 1199 instituta,
1299 1115 1424 1205 volup-

356 1252 447 1318 tates
471 1251 578 1335 atque
597 1245 704 1317 etiam
724 1245 868 1316 facetias
892 1243 931 1314 in
950 1240 1159 1321 memoriam
1183 1256 1347 1317 revocare
1364 1257 1425 1330 po·

357 1367 462 1442 terit?
480 1370 524 1441 Ut
542 1367 673 1450 viventi
693 1368 835 1451 domus,
854 1367 903 1439 ita
922 1373 1062 1438 mortuo
1081 1365 1283 1456 sepulerum
1301 1387 1310 1435 ε
1331 1361 1424 1442 nihil

357 1488 577 1570 discriminis
597 1489 759 1562 interest.

408 1614 497 1685 Huic
510 1613 673 1704 opinioni
689 1613 869 1704 singulare
884 1612 1064 1702 quoddam
1076 1611 1322 1702 adjumentum
1338 1629 1427 1702 prm

358 1738 442 1809 bere
461 1736 710 1827 indagationes
729 1737 909 1820 videntur,
931 1755 1025 1827 quae,
1047 1742 1171 1808 nostra
1189 1741 1306 1819 aetate,
1323 1737 1426 1809 Pom·

358 1860 497 1952 polanae
525 1860 679 1932 civitatis
703 1867 957 1944 monumenta,
979 1860 1075 1942 uias,
1097 1861 1249 1950 templa,
1270 1859 1427 1951 priuatas

358 1983 454 2056 aedes
474 1990 509 2056 et
528 1985 695 2057 tabernas
722 2003 847 2057 rursus
864 1985 902 2056 in
920 1985 1036 2056 lucem
1054 1985 1293 2075 protulerunt.
1311 1985 1427 2070 Quan-

359 2125 467 2198 quam
488 2108 584 2180 enim
604 2126 678 2180 non
702 2128 831 2200 magna
849 2109 902 2182 vis
928 2108 1133 2200 liglinorum
1154 2127 1300 2200 operum
1325 2127 1424 2181 eru·

358 2230 505 2304 deribus
522 2239 645 2304 exorta
659 2240 730 2316 est,
753 2251 826 2305 non
851 2233 983 2306 desunt
1001 2232 1223 2305 comminuta
1245 2232 1425 2307 ueletiam

358 2355 496 2448 integra
521 2356 656 2448 sigilla,
684 2356 817 2447 quibus
833 2412 834 2415 κ
850 2364 962 2430 artem
992 2355 1152 2448 figlinam
1181 2356 1219 2428 in
1244 2357 1311 2428 bac
1337 2357 1427 2430 urbe

358 2480 514 2571 viguisse
534 2487 685 2552 constat.
708 2482 781 2552 Hoc
807 2487 925 2552 autem
955 2481 1102 2552 maximi
1123 2480 1295 2554 momenti
1319 2480 1427 2554 docu-

359 2610 534 2688 mentum,
558 2605 654 2695 quod
673 2605 712 2676 in
730 2605 948 2695 quibusdam
968 2605 1107 2678 aedibus
1128 2625 1193 2677 suo
1210 2605 1287 2677 loco
1306 2606 1427 2678 etiam·

250 2803 252 2806 ,
358 2746 455 2805 nunc
475 2729 607 2800 stantia
624 2729 857 2820 apparebant.
880 2729 1020 2801 Loculis
1040 2730 1136 2803 enirn
1156 2730 1195 2802 in
1215 2730 1349 2821 pariete
1366 2747 1425 2805 ex·

357 2851 441 2924 cisis
470 2853 766 2937 continebantur,
792 2853 843 2925 ita
867 2861 907 2926 ut
934 2854 1123 2927 interiores
1150 2853 1283 2928 aedium
1305 2860 1426 2945 partes

356 2964 418 3048 aut
433 2977 618 3049 hortorum
634 2995 756 3049 muros
774 2985 990 3050 exornarent
1008 2974 1072 3073 (l).
1092 2980 1187 3051 Inter
1204 2979 1330 3070 quaesi
1345 2978 1427 3051 deo·

356 3120 438 3175 rum
467 3101 687 3192 dearumque
716 3101 849 3193 figuras
875 3103 1155 3188 animadvertes,
1181 3105 1316 3177 loculos
1342 3103 1424 3176 illos

356 3242 436 3297 esse
455 3224 586 3296 larario
606 3224 724 3308 dices,
746 3225 785 3296 in
805 3225 939 3317 quibus
959 3225 1010 3298 dii
1028 3232 1176 3317 penates
1196 3226 1424 3317 exponeban-

356 3353 427 3420 tur.
450 3347 604 3434 Quodsi
631 3348 724 3419 nibil
751 3348 863 3420 divini
891 3349 1009 3440 specie
1032 3357 1066 3422 et
1094 3349 1222 3421 babitu
1243 3349 1422 3442 praebent,

356 3473 455 3567 grato
471 3477 617 3562 aspectu
630 3477 692 3543 aut
704 3471 791 3543 artis
802 3471 978 3562 elegantia
991 3472 1170 3562 placuisse
1184 3471 1421 3556 existimabis,

356 3611 475 3685 neque
494 3594 593 3667 aliud
614 3614 722 3686 quam
740 3594 869 3666 domus
889 3602 1100 3668 ornamenta
1116 3595 1339 3688 significasse
1356 3592 1421 3691 (ἓ).

406 3719 474 3790 Res
494 3719 656 3810 exposita
674 3725 752 3802 est;
774 3736 892 3809 neque
918 3718 1025 3792 nobis
1048 3719 1088 3790 in
1111 3718 1232 3794 animo
1252 3725 1307 3793 est
1324 3719 1421 3810 ejus·

357 3841 454 3913 modi
480 3841 810 3935 interpretationem
834 3849 886 3916 tot
910 3843 1155 3927 documentis,
1177 3850 1230 3917 tot
1250 3843 1423 3935 exemplis

391 4148 423 4214 (1)
442 4148 476 4199 Η.
494 4163 547 4201 von
560 4147 687 4210 Roirden,
702 4129 862 4216 Tmocotten
872 4163 923 4201 oca
936 4151 1066 4215 Pompeii,
1081 4167 1106 4216 p.
1120 4149 1164 4209 21,
1179 4149 1224 4213 22,
1236 4150 1276 4213 al,
1291 4147 1329 4201 ll.

390 4237 423 4299 (2)
440 4234 479 4287 Of.
496 4236 606 4288 Rohden
621 4243 647 4288 et
661 4235 796 4295 Cartault,
811 4239 927 4301 Append.
945 4237 1004 4302 (ll),
1020 4238 1079 4301 (la).
