3270 5244
823 503 962 561 „p-

356 636 427 707 alio
456 656 527 708 rem
550 637 712 716 trahant,
734 645 773 708 ut
799 656 864 709 sua
883 639 1011 728 cuique
1035 643 1153 728 pateat
1172 637 1248 717 via,
1271 637 1427 708 velutin

357 768 478 851 aperta
499 761 654 850 quadam
674 761 867 851 ignotaque
887 764 1045 852 regione.

405 884 450 956 lt
466 885 576 966 enim,
597 903 679 974 quae
697 901 780 974 spes
795 893 862 966 est,
879 904 958 957 cum
974 885 1187 957 documenta
1201 885 1248 956 ab
1263 886 1428 977 antiquis

354 1008 486 1081 tradita
523 1008 661 1088 desint,
699 1027 780 1079 cum
818 1027 959 1080 summa
987 1009 1035 1080 sit
1064 1010 1157 1080 inter
1195 1009 1428 1082 doctissimos

355 1139 605 1223 spectatosque
636 1133 832 1204 recentium
868 1140 1068 1224 temporum
1095 1134 1189 1205 viros
1217 1133 1423 1216 dissensio,

355 1274 437 1346 quae
461 1274 543 1346 spes
570 1255 732 1327 solvendi
758 1254 966 1346 impeditam
997 1257 1091 1327 hanc
1116 1258 1358 1347 questionem
1387 1276 1427 1329 ea

355 1379 612 1471 dijudicatione
632 1398 714 1470 quae
732 1379 901 1452 omnibus
921 1380 1186 1471 comprobanda
1205 1380 1396 1453 videatur?

405 1505 564 1575 Primum
583 1503 744 1594 quidem,
767 1510 909 1576 nonest
928 1503 1025 1594 quod
1043 1511 1147 1594 putes
1167 1506 1319 1576 omuino
1335 1504 1424 1577 defi·

355 1645 435 1699 cere
453 1626 550 1718 apud
570 1626 760 1717 scriptores
779 1625 948 1717 antiquos
967 1626 1012 1698 de
1027 1626 1162 1717 figlinis
1177 1627 1309 1719 sigillis
1329 1630 1427 1702 testi·

356 1751 493 1822 monia.
530 1754 603 1821 Hoc
638 1750 886 1823 tantummodo
915 1750 1160 1832 desideratur,
1196 1759 1236 1825 ut
1272 1754 1430 1825 sciamus

357 1895 467 1966 quam
487 1876 643 1958 obrem,
665 1894 736 1964 qua
755 1875 927 1965 religione
946 1875 1049 1964 juxta
1067 1883 1229 1948 mortuos
1249 1877 1289 1947 in
1309 1879 1430 1968 sepul·

357 2000 427 2071 cris
437 1998 672 2090 imagunculae
684 1997 950 2088 sintdopositae.
963 1999 1040 2083 Qua
1051 2017 1132 2071 vero
1144 2007 1221 2073 arte
1230 2000 1426 2083 fabricata,

356 2125 395 2193 in
416 2123 548 2213 quibus
569 2121 723 2194 cilicinis
743 2120 929 2204 conlecta,
952 2140 1024 2211 qua
1043 2124 1305 2214 negotiatorum
1326 2124 1432 2215 copia

356 2253 533 2319 contectae
557 2253 665 2336 atque
685 2244 851 2328 venditae,
874 2263 946 2335 quo
966 2264 1148 2318 sacrorum
1168 2247 1241 2318 ritu
1259 2248 1299 2318 in
1315 2249 1433 2319 liono-

356 2389 431 2442 rem
447 2370 595 2441 deorum
621 2374 805 2460 usurpatae
825 2385 889 2459 per
907 2369 1049 2459 longam
1065 2370 1280 2441 saeculorum
1297 2371 1432 2443 seriem

356 2493 562 2575 floruerint,
583 2493 620 2565 id
640 2493 747 2585 plane
765 2497 926 2582 apertum
951 2498 1058 2582 atque
1085 2492 1286 2564 dilucidum
1313 2514 1429 2585 appa·

357 2616 451 2688 rehit
463 2617 591 2706 cuique
607 2617 782 2706 majorum
798 2614 929 2705 scripta
943 2623 1004 2688 aut
1019 2623 1252 2688 monumenta
1261 2634 1429 2705 perscru-

356 2739 462 2811 tanti.
484 2739 570 2823 Quae
589 2737 802 2810 eruditionis
828 2745 960 2812 nostrae
985 2741 1208 2831 adjumenta,
1229 2757 1358 2808 vereor
1381 2756 1429 2809 ne

356 2861 456 2954 parvi
475 2860 621 2933 iecerint
639 2861 753 2935 nostri
768 2863 861 2935 inter
878 2882 916 2935 se
933 2864 978 2936 de
996 2863 1126 2955 figlinis
1146 2859 1276 2947 sigillis
1296 2859 1427 2951 dispu-

356 2991 488 3058 tantes.
519 2985 605 3056 Mihi
630 2985 738 3075 igitur
763 2988 801 3058 in
829 2988 949 3059 animo
974 2993 1028 3061 est
1049 2984 1169 3057 eadem
1189 2984 1427 3073 pervolvere3

356 3108 524 3181 nonnihil
544 3107 589 3179 ad
608 3108 822 3199 pendentem
843 3110 940 3182 litem
958 3128 1014 3181 me
1035 3104 1246 3178 collaturum
1268 3109 1428 3198 opinor,

355 3241 600 3322 transgressus
625 3252 646 3303 a
669 3238 753 3305 noto
781 3235 1032 3324 communique
1055 3229 1256 3320 sigillorum
1283 3252 1361 3306 usu
1385 3237 1433 3308 ad
1489 3263 1491 3273 ¹

355 3360 454 3429 hunc
472 3356 731 3428 subobscurum
751 3358 789 3428 in
804 3357 992 3430 lunaribus
1011 3375 1130 3429 usum.

406 3480 578 3552 Praeterea
601 3479 706 3550 nohis
733 3480 849 3562 licuit,
876 3480 1050 3572 singulari
1077 3479 1233 3572 quadam
1259 3483 1433 3575 fortuna,

355 3602 554 3676 accuratius
572 3602 748 3691 inspicere
763 3604 825 3693 qui
837 3602 943 3674 tuerit
958 3622 1037 3676 mos
1052 3605 1313 3695 exsequiarum
1334 3612 1435 3702 apud

355 3729 511 3801 Graecos.
533 3724 678 3815 Propria
692 3743 823 3806 manu,
845 3730 885 3796 ut
903 3724 953 3796 ita
972 3726 1110 3813 dicam,
1132 3729 1330 3806 effodimus
1349 3735 1434 3809 illas

354 3847 614 3938 imagunculas,
638 3864 719 3935 quae
738 3846 887 3937 sepultis
907 3848 1052 3922 ossibus
1072 3852 1195 3925 mixtae
1213 3853 1255 3926 in
1274 3860 1436 3947 peranti-

354 3988 429 4063 quo
454 3969 598 4060 pulvere
623 3967 859 4049 recubabant
890 3967 967 4040 dies
997 3975 1133 4047 multos
1155 3979 1367 4069 peregimus
1394 3984 1434 4056 in

354 4096 425 4164 han
442 4088 639 4180 colligenda
658 4094 877 4158 mortuorum
898 4091 1135 4179 supellectile,
1158 4115 1254 4186 quae,
1277 4101 1364 4176 vitae
1382 4105 1435 4178 iu·

356 4212 479 4285 nebris
508 4212 747 4281 instrumenta
774 4216 808 4279 et
833 4221 1065 4296 ornamenta,
1092 4218 1285 4295 defunctos
1306 4231 1433 4302 nescio
1501 4231 1502 4235 '
