3246 5234
831 496 992 557 ..90-

379 632 538 723 antiquae
570 631 723 705 deorum
750 633 954 724 imagines,
981 635 1054 706 sive
1081 652 1124 705 ex
1153 635 1305 726 argilla,
1328 638 1446 710 sivee

380 758 500 849 lapido
521 776 712 849 expressae.
735 760 813 831 Non
834 767 869 831 te
894 768 1110 851 praetereunt
1130 761 1263 853 figlinae
1283 764 1445 838 mulieris

380 881 508 955 stantis
529 881 651 973 figurae
671 901 772 974 quae,
797 883 964 956 manibus
986 883 1228 975 pendentibus
1248 893 1282 958 et
1306 890 1445 980 corpori

379 1006 621 1089 haerentibus,
643 1007 765 1079 tunica
783 1007 971 1091 adstricta,
993 1008 1147 1099 pedibus
1173 1009 1277 1100 quasi
1298 1011 1443 1103 colliga·

380 1133 446 1213 tis,
480 1150 553 1203 uon
581 1132 734 1204 multum
762 1131 931 1204 differunt
956 1133 1001 1204 ab
1029 1133 1188 1225 antiquis
1218 1135 1444 1220 simulacris,

381 1275 461 1347 quae
485 1251 577 1334 ξόανα
605 1256 815 1329 dicebantur
837 1254 902 1351 (l).
930 1258 1165 1349 insigniorem
1186 1258 1293 1331 etiam
1321 1261 1448 1333 simili·

381 1380 542 1453 tudinem
584 1381 778 1472 perspicies
820 1382 914 1453 inter
946 1382 1191 1474 imagunculas
1226 1383 1375 1476 Cybeles
1409 1387 1448 1457 in

382 1505 472 1578 solio
499 1505 657 1578 sedentis
686 1512 721 1577 et
742 1507 913 1598 praeclara
932 1507 994 1578 illa
1019 1507 1210 1580 simulacra
1232 1528 1314 1600 quae
1338 1529 1449 1602 prope

381 1629 559 1702 Milesium
588 1630 765 1721 Apollinis
792 1631 915 1703 lanum
940 1633 1083 1704 stabant
1113 1629 1177 1726 (i).
1210 1633 1314 1705 Haud
1342 1634 1450 1726 igitur

383 1755 594 1827 mirabimur
617 1755 688 1828 lere
717 1757 838 1828 omnia
865 1757 982 1848 sigilla
1008 1758 1046 1828 in
1071 1759 1245 1849 sepulcris
1265 1760 1446 1851 antiquis·

383 1880 485 1974 sim-ae
504 1881 617 1952 aetatis
633 1881 795 1972 deposita
809 1881 855 1953 ad
874 1900 930 1953 res
946 1883 1121 1974 mythicas
1137 1883 1351 1975 divinasque
1370 1903 1449 1975 per-

382 2007 509 2079 tinere.
536 2005 632 2078 Nihil
652 2007 748 2078 enim
769 2006 908 2079 lictores
933 2008 1130 2090 curabant,
1154 2008 1225 2080 nisi
1247 2017 1306 2092 ut,
1330 2009 1451 2098 qualia

384 2131 594 2222 sculptores
611 2132 697 2203 talia
710 2134 782 2224 ipsi
794 2132 1029 2215 conticerent;
1048 2151 1114 2205 nec
1128 2151 1346 2235 quemquam
1362 2133 1452 2224 fugit

385 2232 602 2347 sculpturam
625 2254 720 2349 apud
741 2258 881 2330 Graecos
901 2258 941 2330 in
959 2257 1140 2349 tingendis
1167 2256 1315 2328 deorum
1336 2256 1449 2327 simu·

384 2382 488 2454 lacris
509 2382 713 2456 diutissime
738 2360 900 2455 haesisse
925 2382 1232 2470 Quemadmodum
1258 2381 1367 2473 igitur
1393 2401 1451 2453 ars

384 2507 695 2597 antiquissimam
716 2507 860 2598 templis
886 2507 979 2578 nihil
1010 2508 1081 2579 nisi
1114 2506 1221 2584 rudes
1244 2512 1278 2577 et
1298 2505 1452 2597 rigentes

386 2632 533 2704 deorum
549 2633 722 2724 imagines
735 2632 903 2723 ponebat,
922 2632 971 2704 ita
981 2612 1149 2722 ¹sepulcra
1164 2630 1316 2702 ornabat
1328 2629 1453 2720 figuris

386 2757 509 2830 eodem
520 2757 1011 2849 rigoreinsignibusetadres
1023 2757 1162 2829 divinas
1172 2754 1449 2848 pertinentibus.

435 2881 566 2967 Quinto
590 2890 707 2954 autem
734 2889 855 2954 exorto
880 2883 1030 2964 saeculo,
1054 2880 1334 2952 clarissimorum
1356 2879 1450 2950 viro·

387 3025 464 3078 rum
490 3005 633 3097 ingenio
659 3007 762 3096 quasi
786 3007 824 3077 in
859 3007 1060 3079 libertatern
1090 3005 1287 3086 vindicata,
1319 3023 1378 3075 ars
1408 3002 1454 3074 ad

386 3289 452 3347 diti,
469 3287 544 3347 18³0,
560 3289 595 3352 pl.
614 3287 641 3337 ta
654 3292 678 3337 b.
696 3286 812 3348 Martha,
831 3281 980 3348 catalogue,
999 3283 1208 3344 altstat-792.
1224 3284 1326 3348 Rayet,
1343 3283 1410 3334 batt.
1425 3286 1456 3334 de

387 3391 452 3428 corr.
468 3378 573 3439 bellam,
597 3393 639 3437 rrr,
664 3393 689 3442 p.
710 3377 835 3437 aaa-333,
856 3378 890 3439 pl.
909 3375 946 3426 ta.
972 3376 1021 3436 ld.,
1044 3377 1202 3426 monuments
1219 3373 1454 3436 dalamantiam,

387 3468 451 3518 iaso.
469 3483 491 3528 r,
516 3468 551 3531 pl.
571 3465 585 3515 9
608 3467 748 3529 (consecro
764 3467 859 3529 joooot
877 3466 920 3514 des
941 3463 1066 3526 crotalus).
1082 3462 1234 3526 Colligam,
1259 3461 1327 3513 Ball.
1342 3462 1373 3511 de
1387 3475 1453 3512 corr.

388 3555 489 3616 hellen,
503 3568 534 3615 v,
551 3571 576 3620 p.
591 3555 645 3604 lto.

410 3638 454 3707 '(l)
470 3643 583 3700 Martha,
601 3643 751 3706 catalogue,
770 3643 850 3702 iti-li,
867 3641 985 3693 tlt-223.
1003 3641 1175 3705 Lougpe'rier,
1190 3641 1304 3703 catalog.
1317 3642 1360 3689 des
1372 3640 1454 3703 antiq.

304 3749 307 3754 ·
388 3734 423 3783 da
436 3734 499 3784 llus.
512 3731 614 3796 Napol,
628 3734 664 3796 pl.
679 3731 719 3783 26.

421 3821 457 3884 ti)
471 3822 592 3885 Heuzey,
607 3822 658 3871 Sur
672 3821 706 3871 les
720 3823 832 3884 origines
846 3822 877 3870 de
891 3820 1037 3871 l'tndustrr'e
1053 3822 1095 3871 des
1111 3821 1284 3871 terres-caitae
1301 3820 1393 3884 (dead.
1409 3820 1457 3870 des

390 3912 533 3975 Inscript,
562 3911 588 3962 lt
603 3926 664 3961 nov.
683 3910 770 3973 last),
795 3926 820 3974 p.
844 3911 879 3960 ta.
904 3909 1020 3971 Martha,
1045 3900 1198 3972 catalogue,
1222 3909 1318 3966 at-at,
1335 3909 1454 3960 ato-asa.

388 4000 519 4058 Panotka,
544 4003 701 4052 Tarraconen
714 4003 756 4051 des
770 4001 874 4064 hoentpl.
890 4004 1001 4052 limaeam
1016 4015 1050 4051 za
1065 3999 1170 4056 Berlin,
1195 4001 1231 4063 pl.
1251 3999 1275 4047 2.
1291 3999 1391 4053 Gazette
1406 4012 1456 4048 or-

389 4091 562 4155 attonitaque,
580 4089 647 4153 1876,
663 4105 689 4154 p.
704 4091 743 4140 68.
760 4089 886 4150 Newton,
898 4091 919 4141 Α
938 4091 1036 4154 history
1049 4089 1078 4154 ot*
1089 4090 1237 4139 discoveries
1250 4096 1278 4138 at
1290 4087 1457 4138 lloltcoroas·

388 4195 443 4237 cuc.
459 4180 558 4232 Caldus
572 4182 625 4231 aad
643 4181 807 4241 Branchidai,
822 4196 845 4242 1,
862 4181 897 4244 pl.
913 4180 953 4243 tc,
968 4182 992 4232 5.
1014 4180 1166 4262 Overheclt,
1186 4176 1327 4228 daubata
1347 4177 1391 4226 der
1412 4175 1454 4230 Gr.

389 4270 499 4334 elostat,
513 4269 535 4330 1,
551 4285 577 4335 p.
591 4269 631 4331 94,
644 4269 687 4333 bg.
702 4269 739 4321 tt.
