3246 5234
619 522 775 585 ..99-

164 666 377 732 structuram
393 667 428 732 et
447 669 657 733 ornamenta
678 670 853 752 usurpent
877 659 954 755 (lli
973 663 1022 734 Ne
1044 664 1131 753 quid
1151 666 1224 737 lla·

166 784 273 856 nibus
294 785 456 869 deficiat,
479 795 604 858 curant
626 787 785 878 cognati,
807 794 978 882 tanquam
1006 790 1226 876 sacerdotes,

168 917 274 999 atque
294 910 341 981 ad
364 911 567 1001 sepulcrum
587 911 737 998 cibaria,
760 911 950 994 libamina,
973 914 1227 1003 supellectilem

167 1052 310 1125 qnoque
330 1041 366 1106 et
383 1043 595 1107 ornamenta
613 1036 704 1108 terre
722 1043 927 1126 properant.

214 1159 348 1230 Cuncta
383 1158 528 1248 quidem
566 1179 639 1231 non
678 1168 762 1232 sunt
798 1160 945 1251 Superis
988 1168 1022 1232 et
1064 1163 1229 1235 Manibus

165 1299 279 1370 aqua.
301 1283 446 1353 lllorum
468 1283 505 1353 in
520 1283 636 1374 epulis
656 1283 820 1374 plurimae
839 1284 1062 1356 trucidantur
1083 1286 1227 1369 bostiam

166 1406 223 1477 bis
245 1407 405 1478 convivia
432 1407 594 1498 parciora
619 1415 861 1498 apponuntur.
885 1409 1075 1499 intemplo
1096 1417 1232 1481 vasaet

167 1531 405 1603 instrumenta
431 1550 518 1603 auro
547 1539 581 1603 et
608 1532 715 1604 ebore
743 1532 932 1622 splendida
960 1534 1096 1616 nitent;
1119 1534 1156 1604 in
1178 1517 1231 1605 se·

168 1654 288 1745 pulcro
308 1656 512 1727 conduntur
534 1656 656 1728 fictilia
680 1676 777 1727 rasa.
805 1658 896 1727 Hinc
916 1676 1113 1728 marmorea
1137 1666 1233 1730 stant

167 1781 356 1855 simulacra
385 1789 493 1872 atque
525 1781 719 1852 ordinatim
756 1780 999 1871 disponuntur
1037 1782 1153 1873 sigilla
1190 1800 1231 1853 en

167 1906 265 1975 omni
301 1906 449 1977 materia
486 1905 662 1986 conlecta;
704 1906 804 1976 illino
835 1905 968 1996 figlinae
998 1906 1234 1997 imagunculae

167 2030 353 2100 acervatim
373 2030 412 2100 in
431 2030 583 2101 obscuro
599 2036 633 2101 et
653 2036 803 2121 augusto
824 2030 938 2120 spatio
952 2031 1084 2119 iacent.
1108 2030 1178 2101 Sed
1192 2031 1233 2100 in

167 2160 319 2245 utroque
343 2162 515 2245 apparatu
538 2154 704 2226 eumdem
728 2155 884 2236 cultum,
907 2154 1067 2226 eamdem
1089 2156 1231 2246 religio-

168 2297 249 2350 nem
265 2279 413 2351 senties.

218 2406 294 2490 Qua
320 2404 466 2494 quidem
492 2403 729 2475 similitudine
758 2404 991 2495 intelligimus
1019 2405 1082 2494 qni
1110 2403 1172 2475 liat
1195 2411 1235 2476 ut

168 2530 378 2620 plerumque
398 2529 588 2601 dilacerata
612 2536 646 2600 et
670 2547 843 2600 concussa
868 2528 1090 2618 reperiantur
1111 2530 1149 2599 in
1174 2547 1231 2600 se-

168 2652 300 2743 pulcris
330 2652 447 2743 sigilla
478 2650 542 2747 (t).
572 2655 643 2724 lloe
672 2671 816 2743 quoque
843 2651 1161 2724 animadvertimus
1188 2653 1232 2724 de
1269 2651 1273 2658 ’

168 2775 301 2867 figlinis
321 2779 410 2848 votis
426 2777 650 2849 inhonorem
665 2777 1039 2849 deorumoonsecratis
1058 2775 1122 2870 (3).
1146 2779 1233 2862 Quis

169 2900 308 2973 dubitat
326 2902 413 2992 quin
435 2903 605 2993 utrinque
625 2903 749 2974 eodem
768 2903 917 2973 consilio
930 2902 985 2973 usi
1008 2901 1081 2973 siut
1096 2900 1234 2973 Graeci‘l

170 3026 437 3117 Frangebantur
474 3026 638 3098 funebria
671 3027 809 3118 sigilla,
837 3045 883 3098 ne
910 3027 991 3116 quis
1023 3025 1176 3115 sepulcri
1200 3032 1234 3097 et

171 3156 330 3221 votorum
346 3151 554 3242 religionem
574 3152 733 3234 violaret,
751 3152 891 3222 eiiossis
907 3151 1034 3241 sigillis
1056 3157 1090 3221 et
1110 3168 1235 3220 rursus

170 3277 407 3347 venumdatis.
425 3278 552 3347 Nostra
571 3277 677 3347 etiam
693 3276 908 3357 salutabat
922 3273 1013 3364 viget
1032 3271 1128 3362 apud
1142 3273 1235 3343 Grae-

171 3415 229 3470 cos
262 3401 476 3472 recentiores
505 3400 744 3479 consuetudo,
776 3404 815 3468 ut
843 3396 1036 3468 dilacerent
1063 3402 1097 3466 et
1122 3413 1236 3465 macu-

173 3522 245 3596 lent
259 3527 380 3600 omnia
395 3544 476 3615 quae
496 3544 574 3597 eum
594 3530 733 3595 mortuo
748 3523 939 3613 sepeliunt.

222 3651 393 3722 Praeterea
412 3650 579 3721 facillime
597 3649 775 3739 intelliges
797 3664 904 3736 quam
926 3645 972 3716 ob
992 3663 1134 3717 causam
1162 3662 1235 3714 non

206 4038 237 4104 (l)
254 4037 294 4091 Cf.
318 4037 382 4090 nott.
403 4039 433 4091 de
452 4053 516 4091 corr.
541 4035 641 4102 hellen„
663 4051 703 4098 tv,
729 4054 754 4104 p.
772 4034 883 4089 lot-505.
910 4036 1068 4100 Daremberg
1089 4042 1114 4086 et
1129 4029 1235 4099 Saglio,

174 4129 237 4180 Diet.
253 4132 296 4180 des
310 4133 408 4193 Antip,
424 4144 445 4180 s.
460 4147 484 4180 v.
500 4130 627 4191 AEdr'culo,
644 4145 669 4192 p.
685 4131 724 4180 85.

204 4219 239 4287 (2)
250 4219 299 4278 ld..
314 4232 355 4279 vl,
370 4235 395 4283 p.
412 4217 531 4268 loo-llll.

205 4298 239 4370 (3)
253 4305 315 4357 Vid.
332 4323 401 4371 sup„
418 4323 442 4372 p.
460 4307 543 4357 68-69.
