3246 5234
834 567 995 630 ..324

382 704 538 796 quodam
557 712 723 796 aspectu,
746 723 807 777 ore
828 707 955 789 relato,
979 706 1094 797 rigido
1114 724 1274 797 corpore,
1297 706 1443 779 detunc-

379 835 495 899 torum
520 829 659 899 animas
678 829 717 899 in
737 829 864 901 Inferis
883 829 1073 901 volitantes
1097 829 1295 920 exprimere
1320 830 1443 901 viden-

380 957 437 1022 tur
463 947 526 1044 (l).
557 951 643 1037 Quis
671 950 812 1030 dubitat
842 952 931 1042 quin
962 951 1191 1024 haecomnia
1224 953 1261 1023 in
1295 950 1447 1024 officinis
1530 1021 1532 1026 .

380 1075 537 1148 coniecta
556 1076 701 1159 luerint,
725 1076 873 1149 minime
893 1076 939 1148 ad
959 1095 1139 1167 quemque
1159 1095 1263 1148 usum
1283 1093 1443 1148 commu-

381 1202 455 1285 nia,
478 1201 541 1273 sed
561 1201 607 1273 ad
626 1201 794 1274 funebres
815 1202 1040 1274 caerimonias
1061 1202 1287 1293 peculiariter
1306 1220 1443 1273 accom-

381 1321 548 1395 modata?
567 1325 607 1393 ln
627 1323 755 1397 iisdem
772 1333 890 1397 autem
908 1325 1081 1416 sepulcris
1100 1325 1265 1397 festivum
1285 1324 1376 1397 illud
1396 1344 1447 1397 re·

378 1447 513 1538 peritur
532 1465 672 1537 agmen,
691 1448 787 1537 quod
807 1467 923 1539 nuper
942 1450 979 1519 in
999 1449 1081 1520 aliis
1096 1447 1183 1520 locis
1203 1449 1439 1534 mirabamur,

380 1571 545 1644 ludentes
571 1571 704 1643 scilicet
729 1574 849 1663 pueri,
878 1575 1045 1645 mulieres
1068 1573 1320 1664 lepidissima,
1343 1573 1445 1646 faceti
1475 1579 1479 1587 '

372 1693 600 1781 histriones,
631 1696 723 1766 servi
758 1703 793 1767 et
822 1703 1035 1767 mercatores
1063 1695 1132 1788 (t).
1159 1697 1281 1787 Neque
1316 1696 1447 1769 desunt

381 1816 528 1888 deorum
545 1816 764 1908 dearumque
779 1819 971 1908 imagines,
992 1838 1073 1910 quaa
1090 1838 1159 1891 nos
1183 1819 1333 1892 doceant
1352 1838 1445 1891 com·

382 1960 527 2013 munem
552 1943 743 2032 quamdam
770 1943 881 2015 luisse
902 1943 1102 2015 virentibus
1123 1951 1156 2016 et
1185 1944 1335 2016 mortuis
1359 1944 1442 2016 reli-

358 2109 361 2115 «
381 2067 539 2158 gionem,
562 2066 669 2138 itaut
689 2066 814 2138 eadem
834 2066 957 2157 figlina
981 2086 1089 2158 opera
1108 2074 1289 2158 tanquam¹
1302 2074 1384 2138 vota
1406 2069 1442 2139 in

381 2191 529 2264 deorum
561 2191 704 2282 templis
732 2198 1037 2271 consecrarentur,
1068 2192 1105 2261 in
1133 2191 1281 2282 privatis
1305 2191 1443 2264 lareriis

378 2322 655 2406 exponerentur,
677 2317 715 2387 in
737 2316 910 2407 sepulcris
927 2334 1071 2406 quoque
1091 2314 1366 2406 deponerentur.

427 2443 539 2527 Quam
567 2440 713 2530 quidem
739 2441 785 2511 ad
809 2439 1091 2512 confirmandam
1119 2440 1324 2531 opinionem
1345 2459 1442 2513 non-

306 2606 313 2618 .
376 2566 469 2636 nihil
484 2565 682 2657 adjumenti
702 2564 808 2636 nobis
829 2566 990 2656 praebent
1004 2564 1187 2655 inscriptae
1204 2564 1343 2643 litterae,
1362 2584 1442 2655 quae

376 2688 491 2779 primo
520 2691 558 2759 in
588 2688 852 2779 Myrtnensious
880 2687 1007 2778 sigillis
1032 2686 1236 2778 trequentes
1264 2706 1439 2780 apparue-

375 2819 478 2893 runt,
501 2813 551 2883 ita
573 2819 613 2883 ut
636 2811 741 2882 nobis
762 2829 972 2902 cognoscere
997 2811 1138 2891 liceret,
1161 2812 1262 2901 cujus
1283 2811 1441 2884 nominis

374 2935 528 3008 artifices
555 2935 678 3025 figlina
705 2935 767 3007 illa
793 2936 982 3006 simulacra
1009 2934 1199 3018 tinxerint,
1227 2954 1308 3024 quae
1332 2934 1441 3008 offici·

374 3079 501 3131 narum
523 3060 624 3149 copia
639 3059 676 3128 in
697 3058 835 3130 civitate
856 3059 1049 3149 Myrinensi
1067 3046 1226 3130 floruerit
1245 3056 1309 3152 (5).
1329 3061 1439 3145 Quas·

373 3184 454 3256 dam
474 3191 592 3256 autem
618 3184 753 3255 litteras
774 3182 1114 3264 animadvertimus,
1140 3201 1239 3273 quae,
1263 3183 1354 3274 stylo
1374 3201 1436 3274 pe·

371 3315 491 3382 racuto
513 3310 552 3379 in
571 3307 695 3397 argilla
715 3306 882 3379 indurata
896 3307 1037 3389 incisae,
1061 3326 1132 3378 non
1154 3307 1287 3379 fictoris
1305 3325 1437 3380 nomon

372 3431 599 3522 significant,
642 3430 706 3502 sed
747 3430 867 3520 potius
907 3431 1077 3521 emptoris
1116 3451 1226 3503 manu
1264 3432 1437 3522 appositae

370 3555 481 3628 tuisse
504 3555 691 3642 videntur,
715 3574 779 3627 seu
798 3555 880 3645 quis
901 3573 975 3626 rem
996 3555 1064 3626 sibi
1086 3563 1322 3647 comparatam
1351 3574 1434 3627 con-

370 3679 510 3769 signare
530 3680 700 3761 voluerit,
724 3699 787 3751 seu
813 3698 943 3751 nomen
968 3680 1071 3750 amici
1098 3681 1214 3770 sigillo
1234 3679 1434 3752 condonato

401 4070 431 4133 (1)
450 4066 515 4120 nott.
531 4074 561 4119 de
572 4085 637 4121 corr.
650 4067 750 4132 hellen,
769 4083 809 4133 vr,
831 4087 854 4134 p.
870 4067 981 4122 ate-580.

272 4206 275 4207 γ
400 4163 430 4224 (i)
450 4163 496 4220 ld..
513 4175 539 4220 V,
555 4162 589 4223 pl.
612 4161 651 4221 tl,
669 4161 708 4218 15,
730 4162 771 4217 16;
788 4175 823 4222 vr,
840 4163 874 4224 pl.
893 4161 919 4223 l,
937 4163 957 4220 l,
978 4161 1013 4222 to,
1032 4160 1073 4224 tt,
1088 4177 1113 4224 p.
1129 4154 1257 4222 att-5763
1275 4161 1375 4222 v11,pl.
1394 4154 1431 4219 10,

368 4251 404 4310 tt,
424 4251 458 4303 ri.
481 4251 515 4306 ra.
536 4250 571 4298 tt.

399 4340 430 4402 (3)
449 4341 498 4394 ld„
514 4353 560 4397 vu,
577 4354 601 4401 p.
620 4339 738 4391 tot-230.
