3270 5244
615 421 777 486 ...17-

165 559 311 655 quibus,
331 565 504 653 tanquam
524 559 643 644 donis,
665 566 845 633 mortuum
866 558 1035 633 colerent.
1058 559 1136 646 Qua
1154 558 1231 651 qui·
1355 621 1357 624 ,
1417 584 1421 591 ·

164 686 245 760 dem
261 687 299 758 in
314 685 691 782 opinionebaesimus,
712 693 903 777 postquam
916 686 1030 757 multa
1043 686 1158 757 millia
1176 703 1231 758 se·

164 810 368 901 pulcrorum
384 808 454 899 ipsi
470 808 659 881 effodimus
678 815 786 899 atque
804 809 1028 899 inspeximus
1044 810 1082 879 in
1100 808 1231 881 AEolioa

164 931 308 1023 regione
335 927 399 1026 (l).
431 931 589 1003 Primum
614 932 710 1003 enirn
735 930 1052 1003 animadvertimus
1076 929 1231 1021 plurima

165 1054 282 1146 sigilla
301 1053 380 1145 ipsa
398 1054 511 1126 forma
530 1060 565 1126 et
588 1053 705 1145 specie
732 1053 778 1126 ad
806 1072 862 1126 res
890 1054 1058 1126 funebres
1087 1054 1231 1145 proprie

163 1180 354 1271 pertinere,
377 1180 521 1251 Sirenas
541 1179 675 1251 scilicet
694 1180 875 1270 lugentes,
897 1176 1045 1265 Amores
1065 1177 1132 1249 faoi
1152 1196 1232 1250 con·

164 1321 276 1376 versae
299 1286 548 1375 incumbentes
571 1308 632 1387 aut
655 1304 759 1394 quasi
793 1308 906 1375 morte
933 1303 1090 1393 sopitos,
1117 1300 1232 1373 couvi·

165 1443 225 1496 ras
244 1425 283 1496 in
303 1442 405 1497 coena
424 1423 565 1496 funebri
585 1423 786 1497 assidentes
810 1421 882 1518 (7),
904 1425 954 1496 ita
972 1431 1012 1496 ut
1028 1423 1232 1496 existimare

165 1567 238 1619 non
258 1547 391 1629 liceret,
413 1547 557 1620 easdem
578 1547 710 1639 figuras
725 1566 886 1638 unquam
905 1547 943 1618 in
959 1546 1066 1618 domo
1081 1546 1231 1619 viventis

164 1672 288 1744 fuisse.
308 1674 483 1745 Praeterea
500 1673 539 1743 in
558 1672 648 1763 ipsis
664 1672 806 1763 sigillis,
826 1691 908 1762 quae
924 1671 1042 1744 adres
1058 1672 1231 1763 mythicas

164 1801 226 1868 aut
240 1795 453 1868 domesticas
473 1795 654 1886 pertinent
673 1813 792 1887 noque
810 1796 924 1867 ullum
945 1795 1131 1869 funebrem
1152 1813 1232 1866 sen·

166 1939 246 1992 sum
276 1920 356 2010 ipso
382 1920 509 1991 habitu
539 1919 774 2010 patefaciunt,
796 1920 952 2011 plurima
977 1927 1084 2011 atquo
1108 1919 1234 1991 iterata
1280 1924 1282 1928 '

165 2047 339 2133 apparent
362 2040 523 2138 ejusdem
550 2041 718 2132 imaginis
745 2040 976 2132 exemplaria.
1004 2040 1108 2112 Haud
1130 2041 1229 2112 inso-

166 2167 279 2237 lenter
299 2165 419 2246 iiebat,
440 2173 479 2238 ut
498 2165 621 2237 eadem
644 2166 756 2258 figura
773 2166 968 2256 quinquies
983 2173 1045 2238 aut
1062 2166 1179 2238 decies
1194 2166 1232 2236 in
1342 2153 1344 2158 ⁴

166 2288 290 2360 eodem
320 2289 483 2379 sepulum
511 2289 725 2379 reperiretur
748 2286 810 2383 (5).
831 2289 923 2361 Num
943 2288 1137 2362 verisimile
1157 2294 1230 2371 est,

167 2411 340 2483 viventem
357 2411 548 2502 quemdam
568 2411 607 2482 in
626 2411 733 2483 domo
752 2416 804 2484 tot
820 2411 951 2502 figuras
971 2411 1163 2483 admodum
1186 2410 1233 2482 si·

167 2534 269 2606 miles
295 2532 493 2607 babuisse?
520 2535 701 2606 Facillime
724 2541 842 2606 autem
873 2535 1050 2627 intelliges
1068 2527 1234 2625 'plurima

166 2666 201 2730 ot
211 2659 345 2730 similia
356 2660 459 2750 juxta
467 2659 673 2732 defunctum
686 2660 804 2750 J'aoere
815 2659 945 2750 sigilla,
957 2660 987 2731 si
998 2679 1076 2732 mos
1090 2665 1184 2731 esset
1195 2658 1232 2729 in

167 2770 329 2875 sepulum
359 2784 567 2855 cumulatim
595 2783 796 2874 deponere,
830 2802 1067 2875 quaecumque
1094 2782 1232 2874 cognati

167 2911 201 2976 et
215 2905 320 2978 amici
333 2906 379 2978 ad
394 2906 583 2979 colendum
599 2914 779 2979 mortuum
791 2908 1037 2998 asportabant.
1052 2907 1139 2980 lnde
1151 2926 1233 2979 nos-

166 3034 256 3100 tram
280 3030 489 3120 praesenties
513 3029 773 3121 interpretandi
799 3032 995 3114 rationem,
1019 3049 1090 3120 qua
1117 3029 1234 3121 sigilla

166 3154 367 3227 viventibus
394 3173 539 3246 quoque
562 3154 739 3244 profuisse
768 3172 842 3226 non
867 3173 1058 3246 negamus,
1081 3154 1144 3227 sed
1174 3157 1234 3246 pia

168 3268 322 3371 quadam
343 3287 377 3353 et
401 3281 547 3373 propria
563 3281 734 3376 religione
754 3280 930 3353 defunctis
951 3280 1034 3352 data
1053 3280 1233 3351 existima-

168 3423 261 3488 mus,
283 3405 332 3477 ita
353 3412 393 3477 ut
415 3423 489 3476 non
509 3404 615 3476 modo
636 3410 847 3476 ornamenta
866 3410 1007 3484 essent,
1030 3402 1162 3493 quibus
1183 3421 1234 3474 se

166 3529 328 3620 pulcrum
370 3530 477 3632 quasi
511 3529 640 3601 domus
680 3528 926 3609 decoraretur,
962 3527 1025 3599 sed
1069 3526 1234 3618 religiosa

167 3653 384 3726 haberentur
402 3660 504 3742 vota,
525 3671 607 3744 quae
624 3653 746 3726 blanes
769 3649 971 3723 virentibus
999 3650 1174 3742 propitios
1194 3668 1235 3721 ac

168 3775 303 3850 faustos
323 3777 526 3852 redderent.

201 4001 235 4067 (l)
251 4002 319 4053 boll.
338 4003 368 4053 de
380 4016 446 4054 corr.
459 4001 569 4063 bellem,
589 3999 641 4063 VI,
658 4016 684 4065 p.
703 3998 762 4061 197,
776 3999 839 4060 ³88,
857 3996 923 4059 5573
941 3997 1008 4059 vll,
1023 4014 1049 4063 p.
1066 4000 1106 4051 81.

201 4090 233 4153 n)
253 4087 515 4155 nro.,vr,p.ato,
532 4088 586 4143 580.
762 4101 764 4106 ⁸

201 4178 233 4240 (3)
253 4179 320 4229 lbid.
331 4217 336 4236 ,
349 4177 404 4240 Vl,
420 4194 446 4242 p.
459 4177 583 4236 los-fil.
597 4175 721 4237 lla-m,
737 4175 792 4226 577.

327 4287 346 4329 Ρ
1046 4265 1064 4324 2
1107 4311 1109 4315 ,
