3270 5244
826 616 988 678 -2q..

376 751 637 826 commodanda
654 770 734 826 esse
753 753 883 846 sigilla,
905 753 998 826 nihil
1018 754 1169 846 impedit
1184 727 1275 847 quin
1293 765 1442 829 sensum

376 875 582 961 funebrem,
609 878 665 951 uel
685 884 860 951 secretum
887 886 923 952 et
951 877 1132 964 abditum,
1158 880 1257 953 omni
1277 880 1383 953 modo
1402 880 1441 952 in

377 997 450 1072 illis
484 1000 751 1092 deprehendere
779 1020 962 1075 conemur.
995 1002 1033 1076 Si
1059 1011 1179 1077 autem
1213 1024 1295 1078 vera
1323 1004 1442 1078 dicere

375 1124 474 1209 licet,
496 1126 585 1216 quid
607 1124 801 1199 incertius?
831 1112 957 1200 Nonne
982 1146 1105 1201 recens
1134 1147 1201 1201 nos
1232 1129 1373 1202 monuit
1395 1128 1441 1202 de

377 1246 605 1340 Pompeianis
621 1249 749 1341 sigillis
770 1248 980 1341 disputatio,
1005 1257 1092 1341 quot
1109 1251 1243 1324 inerint
1265 1250 1383 1343 sigilla
1402 1251 1441 1322 in

376 1369 515 1444 aedibus
539 1372 686 1463 privatis
715 1380 750 1445 et
772 1374 811 1445 in
838 1374 979 1447 lareriis
1008 1373 1199 1448 collocata?
1222 1375 1349 1448 Nonne
1368 1381 1440 1446 tes·

376 1499 497 1568 tantm
516 1494 764 1588 indagationes
784 1499 823 1570 in
842 1497 930 1570 locis
952 1498 1113 1589 antiquis
1132 1498 1313 1582 coniectae,
1332 1516 1441 1589 quam

377 1618 490 1691 multa
508 1618 546 1690 in
567 1618 714 1692 deorum
736 1622 879 1715 templis
900 1627 935 1694 et
955 1623 1119 1695 sacrariis
1138 1629 1344 1695 consecrata
1368 1618 1443 1715 (lii

378 1743 465 1828 Quae
484 1743 629 1833 quidem
653 1743 699 1817 ab
722 1744 940 1837 imaginibus
962 1747 1066 1836 juxta
1088 1753 1248 1818 mortuos
1268 1745 1442 1838 depositis

377 1865 569 1940 dissimilia
587 1887 661 1940 non
680 1868 859 1942 videntur.
882 1870 1068 1955 Quomodo
1091 1870 1200 1962 igitur
1220 1869 1443 1942 affirmemus

377 1999 503 2065 cuncta
521 1993 560 2065 in
580 1994 753 2087 sepulcris
772 2000 912 2086 reperta
937 1995 1054 2087 sigilla
1073 1994 1152 2067 sine
1171 1995 1246 2067 ullo
1266 1993 1377 2068 dubio
1397 1992 1444 2066 ad

376 2116 567 2207 exsequias
587 2117 698 2191 luisse
718 2117 939 2211 composita?
962 2121 1075 2209 AEquo
1093 2120 1175 2210 jure
1198 2117 1364 2191 funebria
1385 2117 1442 2191 di·

377 2257 435 2314 cos
454 2240 575 2315 omnia
599 2261 680 2334 quae
699 2242 736 2313 iu
762 2243 924 2334 sepulcro
954 2242 1117 2334 deposita
1144 2243 1308 2326 luerunt;
1342 2242 1445 2314 iune-

377 2364 456 2438 bria
475 2372 593 2441 autem
613 2373 698 2439 sunt
725 2385 813 2450 usu,
838 2384 913 2439 non
934 2365 1071 2457 origine
1090 2373 1125 2440 et
1151 2384 1275 2439 sensu.
1301 2364 1444 2438 Nemini

376 2490 522 2583 placuit,
548 2509 650 2575 uasa,
678 2491 840 2582 specula,
862 2489 1017 2582 strigiles
1042 2491 1089 2564 ad
1112 2490 1361 2564 defunctorum
1382 2508 1444 2563 ne·

378 2614 614 2688 cessitudines
634 2615 792 2688 coniecta
812 2615 942 2699 luisse,
967 2634 1176 2706 quanquam
1203 2614 1242 2685 in
1270 2615 1445 2707 sepulcris

378 2736 617 2830 reperiuntur.
650 2741 721 2812 Cur
752 2740 797 2813 de
825 2740 954 2832 sigillis
983 2738 1117 2832 iigliuis
1151 2757 1226 2811 non
1255 2738 1341 2810 item
1370 2735 1446 2832 (iit

378 2861 453 2933 Hoc
477 2862 596 2954 igitur,
632 2862 730 2954 quod
768 2863 961 2956 propositae
997 2860 1303 2955 interpretationis
1340 2861 1445 2953 quasi

377 2984 594 3078 principium
615 2994 649 3060 et
668 2988 748 3060 lons
768 2987 921 3072 uidetur,
944 2986 1060 3060 firmis
1080 2995 1115 3061 et
1132 2988 1237 3061 certis
1260 3004 1446 3078 argumen-

379 3109 424 3182 tis
450 3110 639 3200 probatum
667 3118 775 3202 atque
799 3112 1021 3203 exploratum
1048 3129 1122 3185 non
1140 3110 1329 3184 babemus.
1352 3109 1445 3182 Fieri

378 3235 474 3308 onim
498 3235 615 3327 potuit
638 3242 677 3309 ut
702 3234 856 3309 artifices
880 3235 919 3306 in
945 3235 1070 3308 eadem
1096 3234 1240 3309 oliicina
1267 3235 1347 3308 sine
1370 3235 1445 3307 ullo

378 3358 586 3433 discrimine
597 3360 843 3452 imagunculas
858 3357 1042 3443 finxerint,
1059 3358 1105 3432 ad
1120 3358 1321 3432 decoranda
1332 3357 1447 3450 priva-

378 3489 496 3557 torum
515 3490 621 3568 tecta,
644 3484 792 3557 deorum
814 3483 977 3567 delubra,
998 3482 1247 3556 defunctorum
1267 3483 1443 3574 sepulcra.
1482 3550 1483 3553 r

427 3606 521 3692 Quid
540 3605 687 3699 postea?
705 3609 798 3681 Num
818 3605 904 3679 inde
923 3605 1190 3690 existimamus,
1211 3603 1359 3679 omnino
1379 3606 1444 3680 ab·

378 3739 516 3805 sentem
536 3749 651 3804 ossea
669 3731 881 3806 funebribus
901 3730 1031 3823 sigillis
1050 3728 1281 3824 religionem?
1299 3729 1447 3804 Minime

379 3855 539 3946 quidem.
562 3855 633 3928 Sed
650 3854 694 3928 de
709 3855 777 3928 bac
794 3853 980 3947 religione,
1001 3854 1090 3946 quid
1110 3854 1322 3937 sentiamus,
1343 3852 1444 3926 iacil-

377 3979 463 4054 lime
481 3979 673 4073 intelliges.
695 3981 777 4055 llaec
795 3979 863 4055 luit
879 3979 977 4072 apud
996 3979 1135 4054 Graecos
1154 3977 1368 4072 perantiqua
1387 3995 1444 4052 re·

409 4286 444 4352 (l)
461 4283 524 4338 Vid.
539 4299 609 4351 sup..
622 4300 650 4352 p.
666 4285 706 4337 lo.

409 4375 445 4443 (2)
461 4373 501 4428 Oi.
516 4373 629 4440 Mariba
644 4372 837 4440 apportandi.
