<?xml version="1.0" encoding="UTF-8"?>
<!DOCTYPE html PUBLIC "-//W3C//DTD XHTML 1.0 Transitional//EN"
    "http://www.w3.org/TR/xhtml1/DTD/xhtml1-transitional.dtd">
<html xmlns="http://www.w3.org/1999/xhtml" xml:lang="en" lang="en">
 <head>
  <title>
</title>
<meta http-equiv="Content-Type" content="text/html;charset=utf-8" />
  <meta name='ocr-system' content='tesseract 3.04.00' />
  <meta name='ocr-capabilities' content='ocr_page ocr_carea ocr_par ocr_line ocrx_word'/>
</head>
<body>
  <div class='ocr_page' id='page_1' title='image "./quamobcausamgra00pottgoog_0099.png"; bbox 0 0 3246 5234; ppageno 0'>
   <div class='ocr_carea' id='block_1_1' title="bbox 822 502 981 565">
    <p class='ocr_par' dir='ltr' id='par_1_1' title="bbox 822 502 981 565">
     <span class='ocr_line' id='line_1_1' title="bbox 822 502 981 565; baseline 0.006 -17"><span class='ocrx_word' id='word_1_1' title='bbox 822 502 981 565; x_wconf 75' lang='lat'><em>,88-</em></span> 
     </span>
    </p>
   </div>
   <div class='ocr_carea' id='block_1_2' title="bbox 368 637 1436 2471">
    <p class='ocr_par' dir='ltr' id='par_1_2' title="bbox 368 637 1436 2471">
     <span class='ocr_line' id='line_1_2' title="bbox 369 637 1430 727; baseline -0.008 -11"><span class='ocrx_word' id='word_1_2' title='bbox 369 651 408 716; x_wconf 91' lang='lat' dir='ltr'>ut</span> <span class='ocrx_word' id='word_1_3' title='bbox 433 644 589 715; x_wconf 79' lang='lat' dir='ltr'>defuncti</span> <span class='ocrx_word' id='word_1_4' title='bbox 617 643 732 714; x_wconf 94' lang='lat' dir='ltr'>solitis</span> <span class='ocrx_word' id='word_1_5' title='bbox 760 641 840 713; x_wconf 85' lang='lat' dir='ltr'>vitae</span> <span class='ocrx_word' id='word_1_6' title='bbox 864 639 1179 712; x_wconf 76' lang='lat' dir='ltr'>exercitationibus</span> <span class='ocrx_word' id='word_1_7' title='bbox 1207 637 1430 727; x_wconf 86' lang='lat' dir='ltr'>indulgeant.</span> 
     </span>
     <span class='ocr_line' id='line_1_3' title="bbox 369 761 1430 858; baseline -0.007 -19"><span class='ocrx_word' id='word_1_8' title='bbox 369 771 439 840; x_wconf 91' lang='lat' dir='ltr'>lsta</span> <span class='ocrx_word' id='word_1_9' title='bbox 459 769 566 858; x_wconf 91' lang='lat' dir='ltr'>igitur</span> <span class='ocrx_word' id='word_1_10' title='bbox 581 773 675 839; x_wconf 83' lang='lat' dir='ltr'>sorte</span> <span class='ocrx_word' id='word_1_11' title='bbox 698 766 853 856; x_wconf 89' lang='lat' dir='ltr'>quadarn</span> <span class='ocrx_word' id='word_1_12' title='bbox 874 771 909 837; x_wconf 88' lang='lat' dir='ltr'>et</span> <span class='ocrx_word' id='word_1_13' title='bbox 927 765 1112 837; x_wconf 77' lang='lat' dir='ltr'>occasione</span> <span class='ocrx_word' id='word_1_14' title='bbox 1132 762 1297 835; x_wconf 87' lang='lat' dir='ltr'>lunebria</span> <span class='ocrx_word' id='word_1_15' title='bbox 1316 761 1430 842; x_wconf 93' lang='lat' dir='ltr'>dices;</span> 
     </span>
     <span class='ocr_line' id='line_1_4' title="bbox 369 889 1430 982; baseline -0.007 -19"><span class='ocrx_word' id='word_1_16' title='bbox 369 899 497 963; x_wconf 88' lang='lat' dir='ltr'>natura</span> <span class='ocrx_word' id='word_1_17' title='bbox 515 899 633 963; x_wconf 90' lang='lat' dir='ltr'>autem</span> <span class='ocrx_word' id='word_1_18' title='bbox 661 899 696 963; x_wconf 92' lang='lat' dir='ltr'>et</span> <span class='ocrx_word' id='word_1_19' title='bbox 719 891 856 982; x_wconf 83' lang='lat' dir='ltr'>origine</span> <span class='ocrx_word' id='word_1_20' title='bbox 883 890 1043 961; x_wconf 89' lang='lat' dir='ltr'>minime.</span> <span class='ocrx_word' id='word_1_21' title='bbox 1070 889 1192 979; x_wconf 87' lang='lat' dir='ltr'>Neque</span> <span class='ocrx_word' id='word_1_22' title='bbox 1214 895 1334 959; x_wconf 88' lang='lat' dir='ltr'>tamen</span> <span class='ocrx_word' id='word_1_23' title='bbox 1354 905 1430 957; x_wconf 92' lang='lat' dir='ltr'>om·</span> 
     </span>
     <span class='ocr_line' id='line_1_5' title="bbox 368 1012 1431 1104; baseline -0.006 -17"><span class='ocrx_word' id='word_1_24' title='bbox 368 1017 456 1088; x_wconf 95' lang='lat' dir='ltr'>nino</span> <span class='ocrx_word' id='word_1_25' title='bbox 476 1017 720 1088; x_wconf 89' lang='lat' dir='ltr'>consentimus</span> <span class='ocrx_word' id='word_1_26' title='bbox 747 1034 827 1086; x_wconf 91' lang='lat' dir='ltr'>cum</span> <span class='ocrx_word' id='word_1_27' title='bbox 855 1014 928 1085; x_wconf 89' lang='lat' dir='ltr'>illis</span> <span class='ocrx_word' id='word_1_28' title='bbox 951 1013 1012 1104; x_wconf 93' lang='lat' dir='ltr'>qui</span> <span class='ocrx_word' id='word_1_29' title='bbox 1033 1033 1051 1085; x_wconf 89' lang='lat' dir='ltr'>c</span> <span class='ocrx_word' id='word_1_30' title='bbox 1071 1012 1275 1104; x_wconf 87' lang='lat' dir='ltr'>figlinorum</span> <span class='ocrx_word' id='word_1_31' title='bbox 1296 1012 1431 1102; x_wconf 92' lang='lat' dir='ltr'>sigillo-</span> 
     </span>
     <span class='ocr_line' id='line_1_6' title="bbox 369 1138 1434 1241; baseline -0.005 -29"><span class='ocrx_word' id='word_1_32' title='bbox 369 1160 448 1214; x_wconf 89' lang='lat' dir='ltr'>rum</span> <span class='ocrx_word' id='word_1_33' title='bbox 472 1161 541 1213; x_wconf 94' lang='lat' dir='ltr'>usu</span> <span class='ocrx_word' id='word_1_34' title='bbox 569 1142 776 1231; x_wconf 90' lang='lat' dir='ltr'>religionem</span> <span class='ocrx_word' id='word_1_35' title='bbox 798 1139 901 1228; x_wconf 89' lang='lat' dir='ltr'>quasi</span> <span class='ocrx_word' id='word_1_36' title='bbox 928 1138 1114 1210; x_wconf 83' lang='lat' dir='ltr'>detrahere</span> <span class='ocrx_word' id='word_1_37' title='bbox 1134 1143 1309 1241; x_wconf 82' lang='lat' dir='ltr'>conantur</span> <span class='ocrx_word' id='word_1_38' title='bbox 1328 1142 1434 1225; x_wconf 89' lang='lat' dir='ltr'>atque</span> 
     </span>
     <span class='ocr_line' id='line_1_7' title="bbox 369 1257 1431 1353; baseline -0.008 -17"><span class='ocrx_word' id='word_1_39' title='bbox 369 1265 492 1337; x_wconf 89' lang='lat' dir='ltr'>eadem</span> <span class='ocrx_word' id='word_1_40' title='bbox 514 1264 560 1336; x_wconf 92' lang='lat' dir='ltr'>ad</span> <span class='ocrx_word' id='word_1_41' title='bbox 579 1263 781 1336; x_wconf 90' lang='lat' dir='ltr'>decoranda</span> <span class='ocrx_word' id='word_1_42' title='bbox 798 1263 972 1353; x_wconf 91' lang='lat' dir='ltr'>sepulcra,</span> <span class='ocrx_word' id='word_1_43' title='bbox 996 1262 1092 1332; x_wconf 89' lang='lat' dir='ltr'>velut</span> <span class='ocrx_word' id='word_1_44' title='bbox 1114 1257 1159 1332; x_wconf 90' lang='lat' dir='ltr'>ad</span> <span class='ocrx_word' id='word_1_45' title='bbox 1179 1258 1360 1331; x_wconf 89' lang='lat' dir='ltr'>ornandas</span> <span class='ocrx_word' id='word_1_46' title='bbox 1379 1258 1431 1328; x_wconf 94' lang='lat' dir='ltr'>vi-</span> 
     </span>
     <span class='ocr_line' id='line_1_8' title="bbox 370 1384 1432 1476; baseline -0.008 -14"><span class='ocrx_word' id='word_1_47' title='bbox 370 1392 528 1464; x_wconf 93' lang='lat' dir='ltr'>ventium</span> <span class='ocrx_word' id='word_1_48' title='bbox 548 1390 663 1472; x_wconf 85' lang='lat' dir='ltr'>aedes,</span> <span class='ocrx_word' id='word_1_49' title='bbox 681 1390 839 1461; x_wconf 89' lang='lat' dir='ltr'>conlecta</span> <span class='ocrx_word' id='word_1_50' title='bbox 859 1389 1078 1461; x_wconf 83' lang='lat' dir='ltr'>existimant.</span> <span class='ocrx_word' id='word_1_51' title='bbox 1102 1389 1315 1476; x_wconf 88' lang='lat' dir='ltr'>Quanquam</span> <span class='ocrx_word' id='word_1_52' title='bbox 1336 1384 1432 1455; x_wconf 92' lang='lat' dir='ltr'>enim</span> 
     </span>
     <span class='ocr_line' id='line_1_9' title="bbox 371 1510 1432 1607; baseline -0.01 -19"><span class='ocrx_word' id='word_1_53' title='bbox 371 1515 564 1607; x_wconf 89' lang='lat' dir='ltr'>quamdam</span> <span class='ocrx_word' id='word_1_54' title='bbox 591 1514 717 1586; x_wconf 89' lang='lat' dir='ltr'>habuit</span> <span class='ocrx_word' id='word_1_55' title='bbox 749 1520 884 1604; x_wconf 88' lang='lat' dir='ltr'>partem</span> <span class='ocrx_word' id='word_1_56' title='bbox 912 1532 969 1584; x_wconf 90' lang='lat' dir='ltr'>ars</span> <span class='ocrx_word' id='word_1_57' title='bbox 1003 1511 1126 1603; x_wconf 86' lang='lat' dir='ltr'>figlina</span> <span class='ocrx_word' id='word_1_58' title='bbox 1152 1510 1190 1580; x_wconf 96' lang='lat' dir='ltr'>in</span> <span class='ocrx_word' id='word_1_59' title='bbox 1216 1510 1432 1600; x_wconf 89' lang='lat' dir='ltr'>privatorum</span> 
     </span>
     <span class='ocr_line' id='line_1_10' title="bbox 370 1631 1431 1730; baseline -0.01 -18"><span class='ocrx_word' id='word_1_60' title='bbox 370 1640 661 1722; x_wconf 89' lang='lat' dir='ltr'>delectamentis,</span> <span class='ocrx_word' id='word_1_61' title='bbox 704 1640 742 1709; x_wconf 89' lang='lat' dir='ltr'>in</span> <span class='ocrx_word' id='word_1_62' title='bbox 791 1656 982 1730; x_wconf 90' lang='lat' dir='ltr'>puerorum</span> <span class='ocrx_word' id='word_1_63' title='bbox 1024 1644 1059 1708; x_wconf 92' lang='lat' dir='ltr'>et</span> <span class='ocrx_word' id='word_1_64' title='bbox 1102 1634 1279 1724; x_wconf 89' lang='lat' dir='ltr'>virgiuum</span> <span class='ocrx_word' id='word_1_65' title='bbox 1317 1631 1431 1714; x_wconf 90' lang='lat' dir='ltr'>ludis,</span> 
     </span>
     <span class='ocr_line' id='line_1_11' title="bbox 369 1756 1434 1858; baseline -0.009 -21"><span class='ocrx_word' id='word_1_66' title='bbox 369 1767 474 1858; x_wconf 91' lang='lat' dir='ltr'>plura</span> <span class='ocrx_word' id='word_1_67' title='bbox 492 1773 585 1837; x_wconf 94' lang='lat' dir='ltr'>certe</span> <span class='ocrx_word' id='word_1_68' title='bbox 604 1764 650 1836; x_wconf 92' lang='lat' dir='ltr'>ad</span> <span class='ocrx_word' id='word_1_69' title='bbox 669 1765 877 1855; x_wconf 83' lang='lat' dir='ltr'>religionem</span> <span class='ocrx_word' id='word_1_70' title='bbox 904 1782 1011 1854; x_wconf 88' lang='lat' dir='ltr'>opera</span> <span class='ocrx_word' id='word_1_71' title='bbox 1035 1761 1116 1833; x_wconf 87' lang='lat' dir='ltr'>ficta</span> <span class='ocrx_word' id='word_1_72' title='bbox 1139 1767 1245 1842; x_wconf 92' lang='lat' dir='ltr'>sunt,</span> <span class='ocrx_word' id='word_1_73' title='bbox 1268 1776 1332 1830; x_wconf 93' lang='lat' dir='ltr'>seu</span> <span class='ocrx_word' id='word_1_74' title='bbox 1353 1756 1434 1846; x_wconf 93' lang='lat' dir='ltr'>quis</span> 
     </span>
     <span class='ocr_line' id='line_1_12' title="bbox 370 1881 1434 1979; baseline -0.01 -18"><span class='ocrx_word' id='word_1_75' title='bbox 370 1892 462 1961; x_wconf 85' lang='lat' dir='ltr'>Deos</span> <span class='ocrx_word' id='word_1_76' title='bbox 494 1890 532 1959; x_wconf 87' lang='lat' dir='ltr'>in</span> <span class='ocrx_word' id='word_1_77' title='bbox 564 1889 718 1979; x_wconf 91' lang='lat' dir='ltr'>publicis</span> <span class='ocrx_word' id='word_1_78' title='bbox 751 1889 932 1969; x_wconf 90' lang='lat' dir='ltr'>delubris,</span> <span class='ocrx_word' id='word_1_79' title='bbox 964 1906 1028 1959; x_wconf 90' lang='lat' dir='ltr'>scu</span> <span class='ocrx_word' id='word_1_80' title='bbox 1049 1888 1198 1958; x_wconf 88' lang='lat' dir='ltr'>Penates</span> <span class='ocrx_word' id='word_1_81' title='bbox 1226 1884 1264 1954; x_wconf 90' lang='lat' dir='ltr'>in</span> <span class='ocrx_word' id='word_1_82' title='bbox 1298 1881 1434 1972; x_wconf 86' lang='lat' dir='ltr'>privato</span> 
     </span>
     <span class='ocr_line' id='line_1_13' title="bbox 370 2012 1432 2105; baseline -0.001 -19"><span class='ocrx_word' id='word_1_83' title='bbox 370 2014 499 2086; x_wconf 86' lang='lat' dir='ltr'>larario</span> <span class='ocrx_word' id='word_1_84' title='bbox 520 2015 634 2086; x_wconf 91' lang='lat' dir='ltr'>colere</span> <span class='ocrx_word' id='word_1_85' title='bbox 649 2014 812 2085; x_wconf 92' lang='lat' dir='ltr'>voluerit.</span> <span class='ocrx_word' id='word_1_86' title='bbox 830 2015 904 2084; x_wconf 92' lang='lat' dir='ltr'>Hoc</span> <span class='ocrx_word' id='word_1_87' title='bbox 925 2012 1054 2084; x_wconf 89' lang='lat' dir='ltr'>docent</span> <span class='ocrx_word' id='word_1_88' title='bbox 1076 2014 1288 2103; x_wconf 92' lang='lat' dir='ltr'>scriptorum</span> <span class='ocrx_word' id='word_1_89' title='bbox 1305 2032 1432 2105; x_wconf 90' lang='lat' dir='ltr'>opera,</span> 
     </span>
     <span class='ocr_line' id='line_1_14' title="bbox 371 2136 1436 2230; baseline 0.001 -20"><span class='ocrx_word' id='word_1_90' title='bbox 371 2140 439 2210; x_wconf 86' lang='lat' dir='ltr'>boc</span> <span class='ocrx_word' id='word_1_91' title='bbox 462 2145 625 2230; x_wconf 85' lang='lat' dir='ltr'>excerpta</span> <span class='ocrx_word' id='word_1_92' title='bbox 644 2156 663 2209; x_wconf 92' lang='lat' dir='ltr'>c</span> <span class='ocrx_word' id='word_1_93' title='bbox 683 2136 927 2209; x_wconf 89' lang='lat' dir='ltr'>monumentis</span> <span class='ocrx_word' id='word_1_94' title='bbox 946 2136 1178 2217; x_wconf 83' lang='lat' dir='ltr'>documenta,</span> <span class='ocrx_word' id='word_1_95' title='bbox 1201 2138 1269 2208; x_wconf 90' lang='lat' dir='ltr'>boc</span> <span class='ocrx_word' id='word_1_96' title='bbox 1292 2157 1436 2229; x_wconf 91' lang='lat' dir='ltr'>quoque</span> 
     </span>
     <span class='ocr_line' id='line_1_15' title="bbox 370 2262 1436 2336; baseline -0.004 0"><span class='ocrx_word' id='word_1_97' title='bbox 370 2264 616 2336; x_wconf 80' lang='lat' dir='ltr'>effodientium</span> <span class='ocrx_word' id='word_1_98' title='bbox 638 2263 855 2334; x_wconf 92' lang='lat' dir='ltr'>testimonia.</span> <span class='ocrx_word' id='word_1_99' title='bbox 880 2264 1053 2334; x_wconf 87' lang='lat' dir='ltr'>Praeterea</span> <span class='ocrx_word' id='word_1_100' title='bbox 1069 2281 1136 2333; x_wconf 92' lang='lat' dir='ltr'>nos</span> <span class='ocrx_word' id='word_1_101' title='bbox 1157 2268 1305 2334; x_wconf 90' lang='lat' dir='ltr'>monent</span> <span class='ocrx_word' id='word_1_102' title='bbox 1324 2262 1436 2333; x_wconf 87' lang='lat' dir='ltr'>maxi·</span> 
     </span>
     <span class='ocr_line' id='line_1_16' title="bbox 371 2361 1435 2471; baseline -0.001 -11"><span class='ocrx_word' id='word_1_103' title='bbox 371 2408 464 2460; x_wconf 89' lang='lat' dir='ltr'>marn</span> <span class='ocrx_word' id='word_1_104' title='bbox 486 2389 598 2461; x_wconf 92' lang='lat' dir='ltr'>luisse</span> <span class='ocrx_word' id='word_1_105' title='bbox 617 2390 655 2459; x_wconf 91' lang='lat' dir='ltr'>in</span> <span class='ocrx_word' id='word_1_106' title='bbox 675 2361 837 2460; x_wconf 92' lang='lat' dir='ltr'>votorum</span> <span class='ocrx_word' id='word_1_107' title='bbox 858 2388 971 2458; x_wconf 93' lang='lat' dir='ltr'>lorma</span> <span class='ocrx_word' id='word_1_108' title='bbox 990 2388 1215 2471; x_wconf 89' lang='lat' dir='ltr'>varietatem,</span> <span class='ocrx_word' id='word_1_109' title='bbox 1237 2388 1286 2460; x_wconf 88' lang='lat' dir='ltr'>ita</span> <span class='ocrx_word' id='word_1_110' title='bbox 1304 2396 1344 2460; x_wconf 91' lang='lat' dir='ltr'>ut</span> <span class='ocrx_word' id='word_1_111' title='bbox 1363 2407 1435 2461; x_wconf 91' lang='lat' dir='ltr'>non</span> 
     </span>
    </p>
   </div>
   <div class='ocr_carea' id='block_1_3' title="bbox 260 2511 1434 2604">
    <p class='ocr_par' dir='ltr' id='par_1_3' title="bbox 260 2511 1434 2604">
     <span class='ocr_line' id='line_1_17' title="bbox 260 2511 1434 2604; baseline -0.002 -19"><span class='ocrx_word' id='word_1_112' title='bbox 260 2551 263 2557; x_wconf 91' lang='lat'><em>·</em></span> <span class='ocrx_word' id='word_1_113' title='bbox 371 2514 486 2585; x_wconf 94' lang='lat' dir='ltr'>solum</span> <span class='ocrx_word' id='word_1_114' title='bbox 518 2513 921 2604; x_wconf 87' lang='lat' dir='ltr'>divinismytbicisque</span> <span class='ocrx_word' id='word_1_115' title='bbox 953 2512 1171 2603; x_wconf 92' lang='lat' dir='ltr'>imaginibus</span> <span class='ocrx_word' id='word_1_116' title='bbox 1203 2511 1289 2584; x_wconf 92' lang='lat' dir='ltr'>deos</span> <span class='ocrx_word' id='word_1_117' title='bbox 1325 2514 1434 2585; x_wconf 87' lang='lat' dir='ltr'>Gracci</span> 
     </span>
    </p>
   </div>
   <div class='ocr_carea' id='block_1_4' title="bbox 368 2637 1457 4348">
    <p class='ocr_par' dir='ltr' id='par_1_4' title="bbox 371 2637 1435 2850">
     <span class='ocr_line' id='line_1_18' title="bbox 371 2637 1435 2741; baseline -0.001 -31"><span class='ocrx_word' id='word_1_118' title='bbox 371 2639 567 2741; x_wconf 44' lang='lat' dir='ltr'>coluerint?</span> <span class='ocrx_word' id='word_1_119' title='bbox 596 2637 659 2709; x_wconf 94' lang='lat' dir='ltr'>sed</span> <span class='ocrx_word' id='word_1_120' title='bbox 690 2656 916 2727; x_wconf 91' lang='lat' dir='ltr'>quocumque</span> <span class='ocrx_word' id='word_1_121' title='bbox 949 2639 1035 2709; x_wconf 91' lang='lat' dir='ltr'>artis</span> <span class='ocrx_word' id='word_1_122' title='bbox 1062 2656 1167 2729; x_wconf 91' lang='lat' dir='ltr'>opere</span> <span class='ocrx_word' id='word_1_123' title='bbox 1192 2645 1226 2709; x_wconf 93' lang='lat' dir='ltr'>et</span> <span class='ocrx_word' id='word_1_124' title='bbox 1251 2638 1435 2709; x_wconf 87' lang='lat' dir='ltr'>vilissimis</span> 
     </span>
     <span class='ocr_line' id='line_1_19' title="bbox 371 2757 1361 2850; baseline 0.002 -16"><span class='ocrx_word' id='word_1_125' title='bbox 371 2762 477 2834; x_wconf 89' lang='lat' dir='ltr'>etiam</span> <span class='ocrx_word' id='word_1_126' title='bbox 498 2763 577 2833; x_wconf 85' lang='lat' dir='ltr'>vitae</span> <span class='ocrx_word' id='word_1_127' title='bbox 597 2762 816 2850; x_wconf 86' lang='lat' dir='ltr'>quotidianae</span> <span class='ocrx_word' id='word_1_128' title='bbox 834 2764 1098 2834; x_wconf 90' lang='lat' dir='ltr'>instrumentis.</span> <span class='ocrx_word' id='word_1_129' title='bbox 1357 2757 1361 2763; x_wconf 79' lang='grc'><strong>’</strong></span> 
     </span>
    </p>

    <p class='ocr_par' dir='ltr' id='par_1_5' title="bbox 368 2884 1457 4348">
     <span class='ocr_line' id='line_1_20' title="bbox 420 2884 1435 2975; baseline 0.004 -20"><span class='ocrx_word' id='word_1_130' title='bbox 420 2887 460 2955; x_wconf 94' lang='lat' dir='ltr'>ln</span> <span class='ocrx_word' id='word_1_131' title='bbox 481 2885 573 2955; x_wconf 89' lang='lat' dir='ltr'>hanc</span> <span class='ocrx_word' id='word_1_132' title='bbox 592 2884 700 2975; x_wconf 90' lang='lat' dir='ltr'>igitur</span> <span class='ocrx_word' id='word_1_133' title='bbox 720 2887 933 2957; x_wconf 91' lang='lat' dir='ltr'>sententiam</span> <span class='ocrx_word' id='word_1_134' title='bbox 955 2887 1106 2969; x_wconf 90' lang='lat' dir='ltr'>intenti,</span> <span class='ocrx_word' id='word_1_135' title='bbox 1129 2906 1203 2959; x_wconf 92' lang='lat' dir='ltr'>non</span> <span class='ocrx_word' id='word_1_136' title='bbox 1225 2887 1435 2959; x_wconf 88' lang='lat' dir='ltr'>mirabimur</span> 
     </span>
     <span class='ocr_line' id='line_1_21' title="bbox 371 3007 1437 3113; baseline 0.007 -36"><span class='ocrx_word' id='word_1_137' title='bbox 371 3027 478 3099; x_wconf 93' lang='lat' dir='ltr'>quarn</span> <span class='ocrx_word' id='word_1_138' title='bbox 506 3007 665 3091; x_wconf 90' lang='lat' dir='ltr'>diversa,</span> <span class='ocrx_word' id='word_1_139' title='bbox 688 3028 795 3099; x_wconf 90' lang='lat' dir='ltr'>quarn</span> <span class='ocrx_word' id='word_1_140' title='bbox 816 3011 910 3083; x_wconf 91' lang='lat' dir='ltr'>inter</span> <span class='ocrx_word' id='word_1_141' title='bbox 931 3031 968 3083; x_wconf 92' lang='lat' dir='ltr'>se</span> <span class='ocrx_word' id='word_1_142' title='bbox 990 3013 1225 3113; x_wconf 81' lang='lat' dir='ltr'>repugnantia</span> <span class='ocrx_word' id='word_1_143' title='bbox 1248 3013 1437 3086; x_wconf 90' lang='lat' dir='ltr'>videantur</span> 
     </span>
     <span class='ocr_line' id='line_1_22' title="bbox 369 3126 1431 3225; baseline 0.006 -20"><span class='ocrx_word' id='word_1_144' title='bbox 369 3133 486 3225; x_wconf 90' lang='lat' dir='ltr'>sigilla</span> <span class='ocrx_word' id='word_1_145' title='bbox 505 3134 543 3205; x_wconf 95' lang='lat' dir='ltr'>in</span> <span class='ocrx_word' id='word_1_146' title='bbox 564 3135 737 3224; x_wconf 86' lang='lat' dir='ltr'>sepulcris</span> <span class='ocrx_word' id='word_1_147' title='bbox 763 3142 914 3225; x_wconf 86' lang='lat' dir='ltr'>reperta.</span> <span class='ocrx_word' id='word_1_148' title='bbox 940 3138 1019 3209; x_wconf 89' lang='lat' dir='ltr'>Non</span> <span class='ocrx_word' id='word_1_149' title='bbox 1047 3138 1259 3211; x_wconf 84' lang='lat' dir='ltr'>mirabimur</span> <span class='ocrx_word' id='word_1_150' title='bbox 1285 3126 1431 3211; x_wconf 92' lang='lat' dir='ltr'>deorum</span> 
     </span>
     <span class='ocr_line' id='line_1_23' title="bbox 370 3258 1435 3353; baseline 0.005 -23"><span class='ocrx_word' id='word_1_151' title='bbox 370 3258 589 3348; x_wconf 89' lang='lat' dir='ltr'>dearumque</span> <span class='ocrx_word' id='word_1_152' title='bbox 614 3258 787 3350; x_wconf 90' lang='lat' dir='ltr'>imagines</span> <span class='ocrx_word' id='word_1_153' title='bbox 814 3261 1054 3333; x_wconf 88' lang='lat' dir='ltr'>histrionibus</span> <span class='ocrx_word' id='word_1_154' title='bbox 1080 3264 1114 3333; x_wconf 90' lang='lat' dir='ltr'>et</span> <span class='ocrx_word' id='word_1_155' title='bbox 1134 3264 1256 3353; x_wconf 89' lang='lat' dir='ltr'>pueris</span> <span class='ocrx_word' id='word_1_156' title='bbox 1280 3262 1435 3336; x_wconf 90' lang='lat' dir='ltr'>ludenti·</span> 
     </span>
     <span class='ocr_line' id='line_1_24' title="bbox 368 3382 1434 3486; baseline 0.005 -33"><span class='ocrx_word' id='word_1_157' title='bbox 368 3382 437 3454; x_wconf 94' lang='lat' dir='ltr'>bus</span> <span class='ocrx_word' id='word_1_158' title='bbox 462 3384 612 3466; x_wconf 62' lang='lat' dir='ltr'>mixtas</span> <span class='ocrx_word' id='word_1_159' title='bbox 643 3390 678 3455; x_wconf 91' lang='lat' dir='ltr'>et</span> <span class='ocrx_word' id='word_1_160' title='bbox 703 3383 893 3486; x_wconf 87' lang='lat' dir='ltr'>verendam</span> <span class='ocrx_word' id='word_1_161' title='bbox 923 3386 1060 3458; x_wconf 86' lang='lat' dir='ltr'>Cereris</span> <span class='ocrx_word' id='word_1_162' title='bbox 1087 3387 1257 3460; x_wconf 88' lang='lat' dir='ltr'>obvelatae</span> <span class='ocrx_word' id='word_1_163' title='bbox 1284 3387 1434 3480; x_wconf 87' lang='lat' dir='ltr'>effigiem</span> 
     </span>
     <span class='ocr_line' id='line_1_25' title="bbox 369 3508 1432 3604; baseline 0.006 -26"><span class='ocrx_word' id='word_1_164' title='bbox 369 3526 448 3578; x_wconf 94' lang='lat' dir='ltr'>cum</span> <span class='ocrx_word' id='word_1_165' title='bbox 469 3508 646 3604; x_wconf 90' lang='lat' dir='ltr'>saltatrice</span> <span class='ocrx_word' id='word_1_166' title='bbox 666 3511 879 3599; x_wconf 85' lang='lat' dir='ltr'>copulatam.</span> <span class='ocrx_word' id='word_1_167' title='bbox 902 3511 979 3582; x_wconf 93' lang='lat' dir='ltr'>Non</span> <span class='ocrx_word' id='word_1_168' title='bbox 1005 3530 1208 3601; x_wconf 84' lang='lat' dir='ltr'>quaeremus</span> <span class='ocrx_word' id='word_1_169' title='bbox 1231 3531 1302 3603; x_wconf 95' lang='lat' dir='ltr'>quo</span> <span class='ocrx_word' id='word_1_170' title='bbox 1324 3514 1432 3584; x_wconf 93' lang='lat' dir='ltr'>mira·</span> 
     </span>
     <span class='ocr_line' id='line_1_26' title="bbox 369 3631 1434 3730; baseline 0.008 -29"><span class='ocrx_word' id='word_1_171' title='bbox 369 3631 448 3702; x_wconf 90' lang='lat' dir='ltr'>culo</span> <span class='ocrx_word' id='word_1_172' title='bbox 483 3631 647 3703; x_wconf 94' lang='lat' dir='ltr'>eumdem</span> <span class='ocrx_word' id='word_1_173' title='bbox 684 3651 830 3704; x_wconf 89' lang='lat' dir='ltr'>sensum</span> <span class='ocrx_word' id='word_1_174' title='bbox 861 3635 899 3704; x_wconf 89' lang='lat' dir='ltr'>in</span> <span class='ocrx_word' id='word_1_175' title='bbox 934 3634 1174 3708; x_wconf 92' lang='lat' dir='ltr'>dissimilibus</span> <span class='ocrx_word' id='word_1_176' title='bbox 1205 3637 1277 3709; x_wconf 89' lang='lat' dir='ltr'>illis</span> <span class='ocrx_word' id='word_1_177' title='bbox 1310 3637 1434 3730; x_wconf 87' lang='lat' dir='ltr'>figuris</span> 
     </span>
     <span class='ocr_line' id='line_1_27' title="bbox 369 3755 1440 3847; baseline 0.005 -20"><span class='ocrx_word' id='word_1_178' title='bbox 369 3757 479 3828; x_wconf 87' lang='lat' dir='ltr'>Graeci</span> <span class='ocrx_word' id='word_1_179' title='bbox 507 3755 718 3847; x_wconf 83' lang='lat' dir='ltr'>posuerint?</span> <span class='ocrx_word' id='word_1_180' title='bbox 742 3758 820 3829; x_wconf 92' lang='lat' dir='ltr'>Non</span> <span class='ocrx_word' id='word_1_181' title='bbox 845 3760 1022 3831; x_wconf 91' lang='lat' dir='ltr'>enitemur</span> <span class='ocrx_word' id='word_1_182' title='bbox 1043 3767 1083 3831; x_wconf 91' lang='lat' dir='ltr'>ut</span> <span class='ocrx_word' id='word_1_183' title='bbox 1109 3761 1230 3832; x_wconf 88' lang='lat' dir='ltr'>omnia</span> <span class='ocrx_word' id='word_1_184' title='bbox 1254 3763 1315 3832; x_wconf 91' lang='lat' dir='ltr'>illa</span> <span class='ocrx_word' id='word_1_185' title='bbox 1342 3762 1440 3834; x_wconf 88' lang='lat' dir='ltr'>inter</span> 
     </span>
     <span class='ocr_line' id='line_1_28' title="bbox 370 3882 1457 3979; baseline 0.006 -27"><span class='ocrx_word' id='word_1_186' title='bbox 370 3899 408 3952; x_wconf 94' lang='lat' dir='ltr'>se</span> <span class='ocrx_word' id='word_1_187' title='bbox 427 3899 620 3973; x_wconf 92' lang='lat' dir='ltr'>congruere</span> <span class='ocrx_word' id='word_1_188' title='bbox 638 3882 883 3955; x_wconf 82' lang='lat' dir='ltr'>ostendamus.</span> <span class='ocrx_word' id='word_1_189' title='bbox 906 3886 1034 3956; x_wconf 91' lang='lat' dir='ltr'>Nostra</span> <span class='ocrx_word' id='word_1_190' title='bbox 1055 3885 1202 3974; x_wconf 90' lang='lat' dir='ltr'>quidem</span> <span class='ocrx_word' id='word_1_191' title='bbox 1232 3887 1457 3979; x_wconf 57' lang='lat' dir='ltr'>sententia„</span> 
     </span>
     <span class='ocr_line' id='line_1_29' title="bbox 370 3995 1435 4099; baseline 0.006 -21"><span class='ocrx_word' id='word_1_192' title='bbox 370 4026 443 4081; x_wconf 89' lang='lat' dir='ltr'>non</span> <span class='ocrx_word' id='word_1_193' title='bbox 466 3995 699 4097; x_wconf 87' lang='lat' dir='ltr'>quaerendum</span> <span class='ocrx_word' id='word_1_194' title='bbox 725 4016 800 4091; x_wconf 91' lang='lat' dir='ltr'>est,</span> <span class='ocrx_word' id='word_1_195' title='bbox 823 4028 930 4099; x_wconf 92' lang='lat' dir='ltr'>quem</span> <span class='ocrx_word' id='word_1_196' title='bbox 954 4010 1140 4083; x_wconf 79' lang='lat' dir='ltr'>funebrem</span> <span class='ocrx_word' id='word_1_197' title='bbox 1164 4029 1310 4083; x_wconf 91' lang='lat' dir='ltr'>sensum</span> <span class='ocrx_word' id='word_1_198' title='bbox 1334 4011 1435 4084; x_wconf 88' lang='lat' dir='ltr'>lictor</span> 
     </span>
     <span class='ocr_line' id='line_1_30' title="bbox 370 4128 1431 4226; baseline 0.005 -25"><span class='ocrx_word' id='word_1_199' title='bbox 370 4128 448 4222; x_wconf 68' lang='lat' dir='ltr'>ipse</span> <span class='ocrx_word' id='word_1_200' title='bbox 475 4130 601 4222; x_wconf 89' lang='lat' dir='ltr'>sigillis</span> <span class='ocrx_word' id='word_1_201' title='bbox 628 4131 816 4215; x_wconf 90' lang='lat' dir='ltr'>tribuerit,</span> <span class='ocrx_word' id='word_1_202' title='bbox 847 4152 919 4223; x_wconf 89' lang='lat' dir='ltr'>qua</span> <span class='ocrx_word' id='word_1_203' title='bbox 947 4135 1077 4206; x_wconf 91' lang='lat' dir='ltr'>mentis</span> <span class='ocrx_word' id='word_1_204' title='bbox 1104 4134 1316 4226; x_wconf 89' lang='lat' dir='ltr'>cogitatione</span> <span class='ocrx_word' id='word_1_205' title='bbox 1342 4136 1431 4207; x_wconf 90' lang='lat' dir='ltr'>ima-</span> 
     </span>
     <span class='ocr_line' id='line_1_31' title="bbox 371 4255 1435 4348; baseline 0.01 -21"><span class='ocrx_word' id='word_1_206' title='bbox 371 4255 542 4347; x_wconf 89' lang='lat' dir='ltr'>gunculas</span> <span class='ocrx_word' id='word_1_207' title='bbox 558 4257 810 4347; x_wconf 88' lang='lat' dir='ltr'>composuerit.</span> <span class='ocrx_word' id='word_1_208' title='bbox 825 4259 911 4348; x_wconf 86' lang='lat' dir='ltr'>Quae</span> <span class='ocrx_word' id='word_1_209' title='bbox 924 4259 1020 4334; x_wconf 92' lang='lat' dir='ltr'>enim</span> <span class='ocrx_word' id='word_1_210' title='bbox 1038 4259 1091 4336; x_wconf 90' lang='lat' dir='ltr'>illi</span> <span class='ocrx_word' id='word_1_211' title='bbox 1110 4260 1381 4345; x_wconf 86' lang='lat' dir='ltr'>voluntas,.nisi</span> <span class='ocrx_word' id='word_1_212' title='bbox 1396 4268 1435 4338; x_wconf 85' lang='lat' dir='ltr'>ut</span> 
     </span>
    </p>
   </div>
   <div class='ocr_carea' id='block_1_5' title="bbox 0 0 1633 5234">
    <p class='ocr_par' dir='ltr' id='par_1_6' title="bbox 0 0 1633 5234">
     <span class='ocr_line' id='line_1_32' title="bbox 0 0 1633 5234; baseline 0 0"><span class='ocrx_word' id='word_1_213' title='bbox 0 0 1633 5234; x_wconf 95' lang='lat' dir='ltr'> </span> 
     </span>
    </p>
   </div>
  </div>
 </body>
</html>
