3270 5244
621 518 782 609 ..374
857 538 859 540 ·

168 686 298 760 debere
318 704 384 758 nos
408 692 591 777 putamus,
613 691 665 768 ut,
689 684 776 776 quid
797 686 990 768 senserint,
1012 685 1166 761 breviter
1184 692 1236 759 at·

167 811 361 903 tingamus.
709 808 710 811 ‘
877 828 883 843 “

216 936 316 1007 Unus
336 923 380 1007 en
399 936 475 1018 his,
504 936 595 1007 mira
622 938 834 1026 scriptorum
859 942 894 1009 et
920 943 1235 1011 monumentorum
1309 1025 1311 1031 Ι

168 1059 370 1149 cognitione
392 1065 522 1151 praeter
545 1068 680 1134 ceteros
705 1068 901 1152 spectatus,
926 1061 1142 1152 quandoque
1166 1060 1236 1133 dis·

125 1224 127 1227 ·
168 1183 281 1256 seruit
305 1183 349 1256 de
376 1185 505 1276 sigillis
532 1187 570 1257 in
597 1186 745 1258 Taurica
772 1186 1007 1288 Chersoneso
1022 1186 1171 1276 repertis
1201 1181 1241 1258 et'

168 1307 367 1398 saepissime
386 1309 480 1382 banc
503 1312 661 1402 praetulit
685 1311 917 1394 sententiam,
942 1309 1065 1401 figlina
1085 1309 1232 1382 simula·

168 1450 225 1504 cra
243 1432 289 1503 ad
310 1434 408 1506 bunc
426 1455 533 1508 usum
553 1409 732 1527 pertimere
751 1444 792 1509 ut
807 1434 993 1507 defunctos
1013 1435 1058 1506 ab
1078 1434 1236 1519 adversae
1304 1430 1311 1441 '

169 1556 274 1629 sortis
300 1557 521 1651 malignitate
541 1560 801 1633 defenderent:
825 1579 932 1650 quam
955 1560 1094 1631 obrem
1119 1566 1236 1652 φυλακ-

169 1687 260 1778 τήρια
278 1703 299 1756 a
318 1685 448 1759 Graecis
468 1686 678 1760 dicebantur
702 1683 766 1781 (1).
790 1689 876 1772 Quae
894 1686 1040 1776 quidem
1059 1686 1234 1775 interpre-

170 1808 254 1880 tatio
275 1827 354 1881 oum
374 1812 593 1901 quibusdam
609 1811 734 1903 figuris
753 1812 935 1902 congruit,
959 1809 1021 1883 sed
1041 1810 1087 1882 ad
1109 1828 1234 1882 omnes

170 1949 248 2006 sese
267 1936 535 2008 accommodare
558 1954 632 2008 non
656 1935 806 2007 videtur.
831 1935 919 2006 Cum
940 1937 1035 2007 enlm
1058 1933 1103 2007 de
1126 1935 1243 2005 oscil-.
1336 1988 1341 1998 .

169 2056 232 2139 lis,
261 2057 305 2129 de
336 2059 498 2150 satyricis
525 2066 559 2132 et
586 2059 730 2132 comicis
760 2059 942 2150 personis,
983 2058 1027 2130 de
1055 2057 1234 2130 horrendo

170 2179 342 2272 Gorgonis
358 2183 472 2274 capite
487 2183 875 2265 taliaverbatacitnon
890 2180 1235 2254 dissentimusetco·
1269 2179 1272 2186 '

168 2303 262 2394 piam
283 2305 473 2380 laudamus
489 2309 733 2398 exemplorum
755 2306 887 2398 quibus
903 2324 959 2378 res
977 2305 1117 2377 firmata
1136 2323 1233 2375 com-

168 2427 339 2517 probatur
362 2426 427 2524 (1).
446 2432 534 2503 Cum
550 2439 669 2505 autem
689 2431 734 2503 de
753 2429 991 2502 histrionibus
1011 2435 1046 2500 et
1060 2427 1246 2500 deridicu'

168 2549 213 2624 lis
239 2550 379 2644 figuris,
399 2555 507 2645 paulo
531 2557 706 2629 cautiores
728 2557 767 2627 in
785 2553 1035 2636 assentiendo,
1060 2558 1232 2641 tanquam

168 2674 205 2746 in
224 2664 272 2748 ¹re
295 2676 423 2761 dubia,
454 2678 633 2753 haeremus
663 2677 733 2772 (5),
768 2697 809 2751 eo
843 2679 956 2770 magis
987 2675 1085 2768 quod
1113 2692 1233 2747 secum

166 2799 335 2872 nonnihil
342 2810 561 2894 pugnantem
577 2803 880 2895 deprehendimus
891 2808 1085 2882 auctorem,
1100 2793 1234 2889 quippe

169 2924 230 3015 qui
249 2923 339 2998 alias
354 2927 478 3002 eadem
494 2928 685 3001 simulacra
698 2929 745 3001 ad
760 2927 917 3000 defuncti
933 2925 1232 3027 oblectamentum

167 3053 201 3121 et
219 3049 386 3124 solatium
401 3053 546 3127 inventa
559 3053 812 3146 interpretetur
831 3049 896 3147 (1).
916 3053 1103 3133 Praeterea,
1123 3047 1248 3139 quod

168 3191 320 3267 cumque
339 3176 384 3250 de
403 3178 472 3251 boc
498 3197 536 3251 re
552 3178 727 3270 judicium
748 3178 871 3259 lactes,
902 3177 1058 3268 plurima
1084 3174 1149 3246 tibi
1169 3191 1231 3243 su-

167 3283 348 3389 pererunt'
361 3273 571 3386 simulacra.
594 3303 726 3395 quibus
752 3304 822 3374 vim
849 3319 984 3375 sacram
1012 3297 1109 3370 haud
1132 3295 1234 3368 lacile

198 3580 232 3644 (1)
246 3579 388 3646 Stephani,
404 3582 505 3648 compte
519 3585 603 3635 reoda
617 3586 647 3635 dc
664 3585 689 3634 to
704 3568 874 3636 commitatae
895 3581 1029 3646 imperiale
1044 3582 1075 3630 de
1091 3581 1234 3632 Sciat-Pc-

166 3671 302 3736 ttrobourp,
321 3672 390 3735 1866,
405 3689 431 3738 ρ.
446 3673 491 3732 71,
509 3673 553 3730 73,
567 3672 611 3736 71,
627 3680 688 3725 note
703 3675 727 3725 1.
744 3671 784 3724 Gt.
798 3671 898 3734 Clarae,
916 3673 994 3722 dcccc
1006 3673 1037 3722 dc
1049 3670 1183 3736 sculpture,
1197 3669 1232 3729 ΙΙ,

169 3757 201 3811 1“
215 3761 313 3826 partie,
330 3777 357 3826 p.
372 3762 428 3814 lta.
444 3761 563 3826 nemoy,
577 3765 736 3835 documento
749 3777 831 3827 precs,
850 3761 921 3821 1871,
936 3777 962 3826 p.
976 3761 1005 3822 9,
1020 3766 1082 3812 note
1093 3760 1116 3811 2.
1131 3759 1234 3822 dayes,

166 3848 324 3902 bonomonte
338 3851 369 3902 dc
383 3849 441 3902 l'crt
455 3853 575 3916 actique,
589 3853 614 3902 3·
630 3857 696 3906 fase.
712 3852 858 3916 [tigurinos
871 3851 1005 3914 eomtqoes.
1020 3847 1112 3899 Muso'e
1123 3850 1155 3898 de
1169 3847 1239 3916 Ber3

166 3937 223 4003 lin).
238 3938 375 4005 Froehner,
392 3941 568 3994 Tmou-cuites
582 3941 670 3993 d'Astc
683 3941 814 4003 dicture,
833 3939 906 3997 1879,
923 3954 948 4003 p.
967 3938 997 3988 40
1011 3945 1037 3988 et
1050 3942 1114 3988 note
1130 3938 1153 3988 3.
1168 3934 1232 3989 Oar-

166 4029 242 4094 tault,
258 4029 397 4083 coetuum
410 4007 577 4096 naepejpr.
597 4031 642 4081 n2.

197 4120 232 4186 (1)
247 4120 350 4187 compo
361 4123 444 4174 rende
458 4122 731 4188 sulm-Peterscoerp,
750 4121 819 4184 1866,
835 4138 860 4187 p.
875 4121 915 4174 71.

196 4209 232 4276 (8)
248 4210 335 4275 ittet..
357 4226 384 4278 p.
396 4210 436 4263 71.
525 4255 528 4260 .
928 4245 930 4251 .

196 4299 232 4368 (1)
243 4299 325 4363 11166,
342 4299 418 4365 1865,
432 4318 460 4370 p.
478 4300 540 4361 19³2
557 4299 630 4361 loce.
645 4316 673 4367 p.
685 4300 760 4366 eto,
778 4299 888 4354 118-119.
