3270 5244
495 801 651 905 QUAM
687 804 759 890 OB
794 801 1017 892 deosum

221 1131 388 1256 tund
408 1131 481 1253 dt
519 1131 1047 1256 structibilium
1085 1133 1288 1257 sitiunt
1381 1157 1385 1164 ’

558 1477 955 1535 DEPOSUERINT

678 1768 838 1780 0—-

633 2030 887 2106 PROOEMIUM

273 2289 414 2362 Jamdiu
438 2294 658 2380 compertum
687 2288 863 2360 babemus
892 2288 1058 2379 quaedam
1089 2307 1132 2360 ex
1166 2290 1291 2380 argilla

227 2413 342 2505 sigilla
361 2414 560 2500 Graecorum
581 2413 753 2505 sepulcris
773 2412 961 2485 contineri.
985 2414 1097 2498 Quam
1119 2413 1193 2485 sint
1211 2415 1291 2504 ptu-

227 2537 331 2621 rima,
354 2556 426 2628 qua
445 2514 567 2609 diuina
591 2537 792 2610 humanave
813 2536 930 2628 specie
950 2535 1109 2620 diuersa,
1133 2555 1204 2628 qua
1227 2556 1289 2609 eu-

225 2663 358 2753 quisita
388 2668 463 2734 arte
496 2663 570 2734 sint
600 2663 801 2746 elaborata,
831 2663 1076 2754 pervulgatum
1105 2669 1171 2735 est.
1199 2664 1293 2749 Quid

225 2792 342 2859 autem
364 2786 434 2858 sibi
454 2788 644 2871 voluerint,
663 2787 752 2878 quid
772 2786 922 2859 mortuis
938 2787 1095 2879 prosint,
1120 2806 1228 2878 quam
1244 2788 1293 2860 vi·

225 2913 382 2984 rentium
406 2912 614 3003 religionem
640 2918 832 2995 testentur,
865 2912 1025 2984 nondum
1053 2912 1291 2984 enucleatum.

225 3037 343 3109 Doctis
368 3036 515 3127 quidem
540 3037 795 3128 interpretibus
825 3055 899 3108 non
929 3036 1060 3125 desunt
1084 3043 1295 3128 argumenta

193 3154 357 3251 ouibus
383 3177 456 3233 rem
485 3161 641 3233 dilucide
672 3161 863 3252 explanare
897 3167 1144 3244 tentaverunt;
1182 3161 1292 3232 nobis

225 3291 364 3368 tamen,
406 3286 534 3370 fateor,
573 3291 736 3385 superest
769 3286 945 3356 nonnulla
981 3284 1187 3376 ambigendi
1223 3303 1295 3356 ma·

226 3410 327 3482 teria.
356 3409 453 3495 Adeo
476 3409 572 3482 enim
594 3410 692 3481 varia
710 3416 817 3500 atque
836 3408 1028 3481 dissimilia
1048 3408 1142 3480 inter
1160 3426 1199 3481 se
1222 3409 1295 3481 dis·

226 3534 437 3625 putantibus
461 3531 694 3626 placuerunt!
723 3535 818 3620 Quas
841 3533 986 3624 quidem
1011 3532 1201 3624 opiniones
1221 3534 1296 3605 sin·

224 3657 373 3750 gillotim
386 3665 601 3750 pertractare
614 3656 898 3731 nobisinanimo
909 3662 976 3741 est,
996 3675 1066 3748 quo
1081 3656 1292 3748 diligentius

228 3799 301 3854 rem
334 3801 516 3856 versemus
549 3789 657 3875 atque
693 3783 854 3873 undique
889 3781 1138 3873 inspiciamus.
1180 3781 1294 3866 Quam

228 3903 395 3988 diuersae,
440 3925 547 3997 quam
587 3906 849 3998 discrepantes,
890 3924 998 3996 quam
1027 3904 1205 3996 ambiguae
1231 3920 1296 3976 sae·

227 4029 309 4120 pius
346 4031 437 4116 sint,
474 4010 607 4122 aliquis
640 4031 728 4103 forte
755 4029 966 4112 mirabitur3
994 4029 1083 4101 sciat
1106 4033 1225 4099 autem
1251 4043 1297 4098 ne

228 4171 341 4226 unum
365 4154 512 4246 quidem
532 4173 575 4228 ex
599 4153 759 4245 antiquis
780 4152 1016 4245 scriptoribus
1040 4151 1148 4222 verba
1172 4149 1298 4222 iecisse

230 4275 273 4350 de
301 4279 370 4352 hoc
392 4279 430 4351 in
457 4278 638 4370 exsequiis
665 4278 864 4369 sigillorum
896 4295 978 4348 usu.
1002 4274 1090 4347 inde
1109 4274 1150 4345 fit
1177 4279 1217 4345 ut
1235 4271 1297 4342 alii

352 4420 370 4460 Ρ
1014 4396 1016 4399 ’
1124 4396 1134 4455 i
