3270 5244
785 504 921 565 ..6-

323 646 413 716 lerre
432 644 608 735 potuerit,
630 623 710 715 curn
728 645 824 715 lutra
844 642 965 716 decem
986 645 1052 715 hos
1072 661 1187 715 annos
1206 645 1244 714 iu
1272 643 1387 715 lucem

323 769 498 861 prodierit
526 767 737 840 eximiorum
762 768 864 858 copia
891 767 1111 859 sigillorum,
1138 786 1220 858 quae
1241 786 1390 858 praeser-

324 895 388 967 tim
409 912 428 966 c
448 893 593 966 Boeotiae
614 893 802 984 sepulcris,
825 901 865 966 ut
883 894 933 965 ita
952 893 1082 977 dicam,
1100 894 1263 966 evolavit.
1287 893 1391 966 Haud

324 1018 434 1110 igitur
460 1036 578 1110 operae
611 1018 766 1108 pretium
798 1019 864 1090 erit
900 1018 1159 1109 reprehendere
1189 1036 1269 1108 quae
1301 1018 1391 1089 falsa

325 1143 552 1224 noverimus,
584 1161 737 1232 quaeque
768 1143 846 1234 ipse
873 1143 1119 1234 expurgaverit
1147 1149 1289 1226 auctor,
1313 1160 1388 1214 cer-

326 1267 416 1339 tiore
431 1286 552 1339 rerum
571 1267 773 1358 cognitione
787 1267 926 1340 doctus.
946 1269 1022 1354 Quo
1037 1267 1144 1339 modo
1160 1267 1255 1339 enim
1276 1267 1392 1339 dicere

328 1392 462 1483 possit,
484 1393 754 1482 Tanagraeorum
780 1392 953 1464 miracula
972 1393 1255 1484 contemplatus,
1277 1392 1316 1465 id
1334 1392 1392 1462 iu·

327 1517 485 1589 solenter
505 1517 648 1588 evenire
666 1523 708 1588 ut
725 1517 883 1608 sigillum
899 1516 1080 1607 quoddam
1097 1517 1284 1589 delicatam
1304 1517 1394 1588 Grae-

327 1658 447 1712 corum
464 1639 677 1730 elegantiam
692 1629 866 1723 redoleat,
881 1632 1054 1731 pleraque
1068 1647 1187 1712 autem
1203 1639 1393 1710 simulacra

328 1765 449 1836 nescio
485 1782 557 1853 qua
589 1764 736 1836 asiatica
768 1765 965 1836 rusticitate
994 1764 1184 1836 deformari
1216 1760 1290 1857 (lli
1317 1764 1394 1850 Quo

328 1889 435 1961 modo
451 1896 556 1980 neget
572 1889 680 1960 Plinii
695 1896 798 1962 aetate
814 1889 946 1961 servari
962 1889 1080 1962 adhuc
1094 1889 1253 1981 figlinam
1264 1895 1399 1973 artem,

329 2033 408 2086 cum
433 2020 485 2086 tot
512 2014 630 2105 sigilla
657 2015 898 2086 Romanorum
927 2015 1058 2086 civium
1081 2021 1116 2087 et
1141 2013 1248 2087 etiam
1275 2015 1390 2105 impe-

329 2143 486 2208 ratorum
518 2139 637 2210 vultus
668 2137 822 2210 celerant
856 2133 928 2231 (ill
961 2138 1037 2223 Quo
1066 2137 1172 2209 modo
1201 2136 1395 2208 contendat

329 2280 448 2352 neque
483 2261 662 2334 artificum
692 2261 841 2334 nomina
870 2280 1030 2352 unquam
1059 2261 1170 2334 luisse
1195 2261 1394 2352 sigillorum

330 2388 465 2478 argillae
493 2388 689 2479 impressa,
715 2405 834 2477 neque
860 2387 1032 2459 vocabula
1058 2386 1307 2459 defunctorum
1336 2404 1393 2458 se·

330 2513 485 2602 pulcris,
503 2530 584 2602 quae
599 2511 722 2602 iiglina
738 2530 846 2602 opera
861 2511 1058 2594 continent,
1076 2511 1263 2601 inscripta,
1277 2527 1396 2599 neque

329 2655 498 2708 nummos
526 2637 564 2707 in
593 2636 721 2708 iisdem
742 2637 905 2728 deposita
928 2631 1003 2731 (5)?
1023 2635 1093 2708 Sed
1112 2636 1189 2707 haec
1206 2637 1393 2707 hactenus.

330 2758 428 2831 Nihil
446 2758 518 2831 nisi
538 2778 714 2831 summam
736 2759 787 2832 rei
809 2761 912 2852 cupio
933 2759 1120 2850 attingere.

381 2883 494 2968 Quam
515 2882 660 2973 quidem
680 2883 748 2953 hoc
767 2883 874 2955 modo
898 2880 1052 2954 breviter
1071 2881 1256 2972 complecti
1280 2879 1362 2953 licet
1385 2905 1393 2951 ε

332 3006 454 3077 omnia
480 3005 603 3097 figlina
628 3006 819 3077 simulacra
844 3007 882 3077 in
912 3007 1114 3077 Graecorum
1141 3005 1314 3096 sepulcris
1338 3010 1393 3076 re-

332 3136 432 3220 perta
451 3129 496 3201 ad
511 3128 660 3201 deorum
676 3128 811 3201 cultum
831 3129 1033 3220 pertinent,
1054 3128 1188 3201 scilicet
1202 3128 1248 3200 ad
1264 3134 1398 3201 secreta

332 3253 395 3324 illa
413 3251 538 3326 Bacchi
559 3252 730 3344 mysteria
749 3271 830 3342 quae
851 3253 996 3325 Graeciae
1013 3259 1122 3343 atque
1139 3254 1233 3326 Asiae
1253 3253 1395 3344 religio·

332 3379 455 3474 nes-in
474 3396 587 3449 unum
600 3378 799 3468 iunxerunt
818 3384 852 3450 et
871 3378 1172 3468 permiscuerunt,
1190 3378 1398 3450 auctoribus

334 3502 498 3594 Orphicis
535 3510 569 3575 et
610 3503 852 3595 Pythagoricis
885 3503 1126 3594 philosophis.
1162 3505 1213 3575 Ne
1245 3503 1399 3594 publicae

334 3628 480 3718 quidem
509 3635 594 3700 sunt
624 3629 767 3719 pietatis
800 3636 834 3701 et
868 3629 1051 3721 religionis
1083 3629 1273 3721 imagines.
1306 3627 1400 3715 Quid

335 3759 453 3825 autem
480 3753 518 3824 in
548 3753 734 3846 mysteriis.
748 3761 928 3846 ageretur,
954 3773 1035 3844 quae
1063 3754 1296 3838 caerimoniae,
1318 3771 1400 3843 quac

335 3897 452 3962 sacra,
475 3898 556 3969 quae
576 3879 744 3963 numina,
767 3880 830 3969 qui
850 3879 1029 3962 ministri,
1055 3898 1137 3969 quae
1161 3880 1401 3981 instrumenta

368 4104 401 4168 (l)
418 4103 536 4167 Biardot,
552 4107 728 4173 Terror-cuites
740 4119 855 4170 precones
869 4105 998 4171 funebres,
1016 4119 1042 4169 p.
1061 4101 1115 4156 181.

369 4192 578 4258 mffipffl
730 4189 733 4195 ’

369 4282 401 4349 (3)
420 4283 458 4335 ld.
471 4320 479 4347 ,
491 4298 518 4349 p.
533 4281 652 4339 488-489.
