3246 5234
758 529 918 595 ..94-

305 651 454 746 seientia
481 671 666 744 excellenti
695 690 736 742 ao
762 670 935 763 singulari
961 688 1075 762 nuper
1103 664 1369 742 demonstraba-

305 807 362 875 tur
392 795 457 892 (l).
486 801 536 869 lle
561 799 629 869 hoo
654 798 762 888 igitur
787 798 887 870 nulla
914 797 955 869 iit
981 797 1178 879 dubitati0,
1208 802 1367 868 mortuos

303 924 523 1016 imaginibus
545 924 656 995 saeris
676 924 780 1014 quasi
797 923 908 994 tutela
928 929 962 994 et
982 921 1179 1013 patrocinio
1201 921 1240 992 in
1263 920 1371 993 dubia

305 1049 429 1121 mortis
450 1048 507 1119 uia
525 1066 612 1120 usos
633 1067 724 1120 esse.

353 1175 453 1245 Hane
476 1180 595 1245 autem
621 1172 849 1264 religionem,
876 1191 957 1262 quae
975 1173 1133 1245 viventes
1158 1171 1203 1244 ad
1227 1190 1284 1244 res
1311 1190 1370 1244 ne·

303 1298 477 1370 cassanias
518 1299 571 1370 vel
616 1297 838 1388 gratissimas
877 1296 1053 1369 delunotis
1090 1296 1370 1388 suppeditandas
1441 1362 1444 1369 .

253 1520 256 1525 .
303 1424 529 1504 hortabatur,
552 1423 663 1493 altera
683 1422 847 1513 quaedam
870 1441 971 1505 aura,
994 1430 1033 1495 ut
1052 1424 1193 1513 opinor,
1221 1421 1368 1513 adjuva·

269 1610 272 1612 ,
302 1549 376 1620 bat.
402 1548 480 1619 Non
501 1547 607 1619 modo
632 1567 698 1619 sua
721 1565 782 1618 eos
809 1548 973 1619 movebat
996 1547 1131 1638 platan,
1154 1552 1194 1618 ut
1213 1547 1319 1619 donis
1338 1553 1397 1619 et„

305 1673 481 1763 impensis
518 1680 696 1745 mortuum
729 1674 954 1756 solarentur;
991 1673 1054 1746 sed
1087 1672 1166 1763 ipsa
1198 1671 1371 1744 suadebat

304 1797 462 1880 utilitas,
490 1797 648 1887 nequid
676 1799 836 1869 muneris
860 1798 959 1869 illius
986 1797 1216 1888 negligerent.
1239 1797 1369 1869 Eadem

303 1923 400 1995 enim
420 1923 647 2013 antiquitate,
670 1922 793 1994 eadem
814 1923 1022 1994 auctoritate
1037 1923 1147 1994 valuit
1165 1921 1262 2013 apud
1281 1922 1371 1994 Grae

302 2066 362 2120 eos
398 2048 589 2132 sententia,
626 2065 707 2137 quae
740 2064 903 2137 magnam
930 2046 1178 2118 defunctorum
1205 2045 1368 2118 Manibus

302 2173 372 2243 vim
395 2181 430 2244 et
452 2177 663 2263 potestatem
679 2170 883 2242 tribuebat.
905 2171 978 2241 lloe
1002 2171 1131 2242 docent
1158 2169 1368 2261 scriptorum

302 2297 531 2377 testimonia,
551 2296 619 2367 boo
638 2295 852 2367 documenta
871 2295 909 2365 in
929 2295 1173 2367 monumentis
1196 2301 1305 2384 atque
1329 2291 1370 2365 ti·

301 2424 387 2494 tulis
419 2422 611 2513 inscripta,
641 2422 763 2492 llanes
793 2421 1041 2492 anitentibus
1069 2422 1173 2511 quasi
1198 2419 1284 2491 deos
1309 2419 1369 2491 ba·

302 2548 391 2619 beri.
413 2547 490 2619 Non
512 2545 683 2636 estquod
706 2546 870 2617 iruantur
898 2545 1067 2616 omnibus
1094 2544 1224 2617 divinae
1245 2543 1367 2616 oondi-

303 2673 412 2742 tionis
436 2672 665 2743 iaoultatibus
685 2679 719 2743 et
744 2671 963 2752 commodis,
986 2671 1119 2762 quippe
1140 2670 1221 2761 qui,
1244 2669 1368 2741 ceteris

301 2793 518 2866 Numinibus
542 2795 717 2885 impares,
743 2795 881 2886 legibus
905 2802 939 2867 et
962 2795 1112 2885 imperio
1136 2793 1284 2865 deorum
1305 2795 1369 2865 im·

303 2919 506 2991 mortalium
535 2926 714 3009 regantur.
744 2919 892 3009 Superis
919 2919 1132 3001 inferiores,
1160 2893 1368 2989 bominibus

303 3044 524 3135 superiores,
555 3042 712 3114 medium
743 3045 846 3133 quasi
872 3045 989 3115 locum
1022 3042 1198 3115 obtinent.
1232 3041 1370 3113 Gravis-

305 3169 396 3241 sima
416 3177 536 3241 tamen
555 3167 763 3239 auctoritate
783 3174 933 3240 utuntur
952 3175 999 3251 et,
1021 3168 1140 3257 utqui
1159 3166 1326 3251 maxime,
1349 3183 1370 3236 a

232 3328 235 3332 ’
305 3295 506 3367 viventibus
529 3295 707 3365 coluntur.
732 3293 786 3364 Fit
814 3294 910 3364 enim
933 3299 997 3375 ut,
1024 3293 1062 3362 in
1088 3291 1250 3381 sepulcro
1279 3290 1367 3362 resi·

302 3419 444 3501 dentes,
466 3439 486 3489 a
506 3426 599 3490 terra
618 3437 691 3489 non
712 3418 859 3487 omnino
880 3416 1078 3498 discedant,
1096 3422 1136 3486 ut
1154 3433 1235 3486 oum
1254 3414 1370 3511 vinen-

303 3544 400 3616 tibus
420 3541 559 3632 aliquid
579 3541 758 3613 societatis
779 3548 813 3612 et
832 3540 1094 3630 coniunctionis
1112 3538 1309 3620 retineant,
1332 3544 1370 3609 ut

301 3668 410 3742 rebus
434 3665 603 3739 humanis
622 3665 738 3737 lavere
757 3672 819 3737 aut
835 3683 962 3737 nouere
977 3664 1132 3756 possint.
1153 3663 1290 3753 Siquis
1310 3680 1370 3734 eos

330 3952 364 4017 (l)
379 3950 418 4002 Gi.
433 3948 568 4017 Menandro,
592 3949 704 4002 Balletia
718 3949 912 4002 hebdomadaire
928 3949 959 4001 de
973 3948 1154 4000 l'Aasoaa‘alioo
1167 3946 1326 4013 saiealiilqae
1339 3949 1370 3997 da

299 4039 412 4103 Franco,
421 4051 455 4091 n⁰
466 4041 521 4102 594,
536 4041 688 4105 Confereaae
699 4056 744 4091 aar
757 4040 878 4091 l'ttsrotre
891 4042 934 4090 dea
946 4041 1014 4090 amos
1026 4040 1093 4090 dans
1105 4037 1216 4103 l'la'oypte
1229 4040 1368 4095 aurianae·
1487 4083 1489 4090 ,

300 4133 351 4194 la,
366 4131 477 4182 Journal
491 4131 620 4194 ardorique
635 4132 769 4194 (mai-juin
784 4129 852 4192 1878,
869 4130 1093 4193 decembre-juin,
1107 4113 1368 4180 novembre-debem-

300 4224 348 4271 bre
365 4219 437 4282 1879,
453 4220 575 4283 mairjuin
596 4219 686 4282 1880);
703 4219 796 4270 Perrot
810 4224 836 4269 et
851 4218 957 4283 Chipiez
968 4220 1055 4279 ,Hira
1071 4221 1100 4268 da
1115 4218 1182 4270 tila
1196 4220 1264 4268 dana
1278 4211 1367 4268 l'antt'·

299 4312 382 4374 quite,
398 4325 422 4371 1,
439 4326 463 4374 p.
481 4309 597 4366 lto-ram
613 4309 726 4372 Halevy,
744 4311 823 4360 lieuae
837 4308 1042 4373 arooeotootqae,
1055 4309 1143 4373 juillet
1156 4307 1227 4371 1882,
1244 4322 1271 4371 p.
1287 4303 1366 4357 lietu,
