<?xml version="1.0" encoding="UTF-8"?>
<!DOCTYPE html PUBLIC "-//W3C//DTD XHTML 1.0 Transitional//EN"
    "http://www.w3.org/TR/xhtml1/DTD/xhtml1-transitional.dtd">
<html xmlns="http://www.w3.org/1999/xhtml" xml:lang="en" lang="en">
 <head>
  <title>
</title>
<meta http-equiv="Content-Type" content="text/html;charset=utf-8" />
  <meta name='ocr-system' content='tesseract 3.04.00' />
  <meta name='ocr-capabilities' content='ocr_page ocr_carea ocr_par ocr_line ocrx_word'/>
</head>
<body>
  <div class='ocr_page' id='page_1' title='image "./quamobcausamgra00pottgoog_0040.png"; bbox 0 0 3270 5244; ppageno 0'>
   <div class='ocr_carea' id='block_1_1' title="bbox 618 489 779 553">
    <p class='ocr_par' dir='ltr' id='par_1_1' title="bbox 618 489 779 553">
     <span class='ocr_line' id='line_1_1' title="bbox 618 489 779 553; baseline 0.031 -16"><span class='ocrx_word' id='word_1_1' title='bbox 618 489 779 553; x_wconf 66' lang='grc'>..529-</span> 
     </span>
    </p>
   </div>
   <div class='ocr_carea' id='block_1_2' title="bbox 134 625 1231 3695">
    <p class='ocr_par' dir='ltr' id='par_1_2' title="bbox 134 625 1230 1839">
     <span class='ocr_line' id='line_1_2' title="bbox 160 625 1229 719; baseline 0.002 -20"><span class='ocrx_word' id='word_1_2' title='bbox 160 625 339 709; x_wconf 82' lang='lat' dir='ltr'><strong>defunctis</strong></span> <span class='ocrx_word' id='word_1_3' title='bbox 351 626 519 719; x_wconf 88' lang='lat' dir='ltr'><strong>sepelire,</strong></span> <span class='ocrx_word' id='word_1_4' title='bbox 536 626 640 718; x_wconf 83' lang='lat' dir='ltr'><strong>qnasi</strong></span> <span class='ocrx_word' id='word_1_5' title='bbox 657 626 840 719; x_wconf 81' lang='lat' dir='ltr'><strong>religionis</strong></span> <span class='ocrx_word' id='word_1_6' title='bbox 855 628 1062 700; x_wconf 89' lang='lat' dir='ltr'><strong>testimonia</strong></span> <span class='ocrx_word' id='word_1_7' title='bbox 1081 634 1115 701; x_wconf 89' lang='lat' dir='ltr'><strong>et</strong></span> <span class='ocrx_word' id='word_1_8' title='bbox 1129 634 1229 719; x_wconf 85' lang='lat' dir='ltr'><strong>grata</strong></span> 
     </span>
     <span class='ocr_line' id='line_1_3' title="bbox 161 748 1228 846; baseline 0.002 -23"><span class='ocrx_word' id='word_1_9' title='bbox 161 748 378 823; x_wconf 84' lang='lat' dir='ltr'><strong>Numinibus</strong></span> <span class='ocrx_word' id='word_1_10' title='bbox 391 749 587 846; x_wconf 82' lang='lat' dir='ltr'><strong>inferorum</strong></span> <span class='ocrx_word' id='word_1_11' title='bbox 600 756 680 823; x_wconf 86' lang='lat' dir='ltr'><strong>rota</strong></span> <span class='ocrx_word' id='word_1_12' title='bbox 700 748 765 845; x_wconf 84' lang='lat' dir='ltr'><strong>(l).</strong></span> <span class='ocrx_word' id='word_1_13' title='bbox 786 751 991 842; x_wconf 86' lang='lat' dir='ltr'><strong>Haecviguit</strong></span> <span class='ocrx_word' id='word_1_14' title='bbox 1007 750 1228 826; x_wconf 79' lang='lat' dir='ltr'>consuetudo</span> 
     </span>
     <span class='ocr_line' id='line_1_4' title="bbox 163 871 1229 965; baseline 0.003 -21"><span class='ocrx_word' id='word_1_15' title='bbox 163 890 279 962; x_wconf 86' lang='lat' dir='ltr'><strong>usque</strong></span> <span class='ocrx_word' id='word_1_16' title='bbox 305 871 352 946; x_wconf 92' lang='lat' dir='ltr'><strong>ad</strong></span> <span class='ocrx_word' id='word_1_17' title='bbox 377 874 548 946; x_wconf 86' lang='lat' dir='ltr'><strong>saeculum</strong></span> <span class='ocrx_word' id='word_1_18' title='bbox 575 874 743 963; x_wconf 86' lang='lat' dir='ltr'><strong>quintum</strong></span> <span class='ocrx_word' id='word_1_19' title='bbox 770 881 854 946; x_wconf 88' lang='lat' dir='ltr'><strong>ante</strong></span> <span class='ocrx_word' id='word_1_20' title='bbox 883 874 1229 965; x_wconf 65' lang='lat' dir='ltr'><strong>clamatumque</strong></span> 
     </span>
     <span class='ocr_line' id='line_1_5' title="bbox 134 997 1230 1089; baseline -0.004 -13"><span class='ocrx_word' id='word_1_21' title='bbox 134 1064 137 1076; x_wconf 87' lang='lat'><em>.</em></span> <span class='ocrx_word' id='word_1_22' title='bbox 163 1002 335 1089; x_wconf 88' lang='lat' dir='ltr'><strong>tempore,</strong></span> <span class='ocrx_word' id='word_1_23' title='bbox 354 997 458 1087; x_wconf 85' lang='lat' dir='ltr'><strong>quasi</strong></span> <span class='ocrx_word' id='word_1_24' title='bbox 477 997 665 1089; x_wconf 90' lang='lat' dir='ltr'><strong>repentina</strong></span> <span class='ocrx_word' id='word_1_25' title='bbox 678 998 877 1072; x_wconf 81' lang='lat' dir='ltr'><strong>mutatione</strong></span> <span class='ocrx_word' id='word_1_26' title='bbox 893 1004 983 1081; x_wconf 93' lang='lat' dir='ltr'><strong>orta,</strong></span> <span class='ocrx_word' id='word_1_27' title='bbox 1000 999 1177 1070; x_wconf 89' lang='lat' dir='ltr'><strong>nonnulla</strong></span> <span class='ocrx_word' id='word_1_28' title='bbox 1189 997 1230 1072; x_wconf 90' lang='lat' dir='ltr'><strong>fit</strong></span> 
     </span>
     <span class='ocr_line' id='line_1_6' title="bbox 162 1118 1226 1213; baseline 0.004 -22"><span class='ocrx_word' id='word_1_29' title='bbox 162 1118 368 1212; x_wconf 51' lang='lat' dir='ltr'><strong>¹[iglinorum</strong></span> <span class='ocrx_word' id='word_1_30' title='bbox 385 1122 584 1213; x_wconf 86' lang='lat' dir='ltr'><strong>sigillorum</strong></span> <span class='ocrx_word' id='word_1_31' title='bbox 600 1123 768 1213; x_wconf 88' lang='lat' dir='ltr'><strong>penuria;</strong></span> <span class='ocrx_word' id='word_1_32' title='bbox 788 1129 914 1213; x_wconf 86' lang='lat' dir='ltr'><strong>quarto</strong></span> <span class='ocrx_word' id='word_1_33' title='bbox 932 1128 1050 1194; x_wconf 91' lang='lat' dir='ltr'><strong>autem</strong></span> <span class='ocrx_word' id='word_1_34' title='bbox 1066 1122 1226 1206; x_wconf 86' lang='lat' dir='ltr'><strong>ineunte,</strong></span> 
     </span>
     <span class='ocr_line' id='line_1_7' title="bbox 163 1246 1229 1321; baseline 0.004 -5"><span class='ocrx_word' id='word_1_35' title='bbox 163 1263 289 1317; x_wconf 88' lang='lat' dir='ltr'><strong>rursus</strong></span> <span class='ocrx_word' id='word_1_36' title='bbox 316 1247 474 1319; x_wconf 90' lang='lat' dir='ltr'><strong>excritur</strong></span> <span class='ocrx_word' id='word_1_37' title='bbox 500 1253 535 1319; x_wconf 96' lang='lat' dir='ltr'><strong>et</strong></span> <span class='ocrx_word' id='word_1_38' title='bbox 558 1246 771 1321; x_wconf 85' lang='lat' dir='ltr'><strong>mirabiliter</strong></span> <span class='ocrx_word' id='word_1_39' title='bbox 791 1247 957 1320; x_wconf 75' lang='lat' dir='ltr'><strong>increscit</strong></span> <span class='ocrx_word' id='word_1_40' title='bbox 976 1266 1068 1319; x_wconf 90' lang='lat' dir='ltr'><strong>nova</strong></span> <span class='ocrx_word' id='word_1_41' title='bbox 1087 1246 1229 1320; x_wconf 88' lang='lat' dir='ltr'><strong>soboles</strong></span> 
     </span>
     <span class='ocr_line' id='line_1_8' title="bbox 164 1368 1229 1461; baseline 0.002 -19"><span class='ocrx_word' id='word_1_42' title='bbox 164 1368 381 1461; x_wconf 88' lang='lat' dir='ltr'><strong>sigillorum,</strong></span> <span class='ocrx_word' id='word_1_43' title='bbox 404 1389 486 1461; x_wconf 75' lang='lat' dir='ltr'><strong>qua</strong></span> <span class='ocrx_word' id='word_1_44' title='bbox 509 1371 626 1444; x_wconf 88' lang='lat' dir='ltr'><strong>varies</strong></span> <span class='ocrx_word' id='word_1_45' title='bbox 652 1372 822 1445; x_wconf 86' lang='lat' dir='ltr'><strong>humanae</strong></span> <span class='ocrx_word' id='word_1_46' title='bbox 846 1371 1063 1445; x_wconf 88' lang='lat' dir='ltr'><strong>conditionis</strong></span> <span class='ocrx_word' id='word_1_47' title='bbox 1083 1371 1229 1445; x_wconf 85' lang='lat' dir='ltr'><strong>habitus</strong></span> 
     </span>
     <span class='ocr_line' id='line_1_9' title="bbox 152 1495 1227 1589; baseline 0.002 -23"><span class='ocrx_word' id='word_1_48' title='bbox 152 1495 346 1570; x_wconf 84' lang='lat' dir='ltr'><strong>advirum</strong></span> <span class='ocrx_word' id='word_1_49' title='bbox 373 1496 560 1589; x_wconf 82' lang='lat' dir='ltr'><strong>exprimit,</strong></span> <span class='ocrx_word' id='word_1_50' title='bbox 583 1496 814 1587; x_wconf 86' lang='lat' dir='ltr'><strong>quotidianos</strong></span> <span class='ocrx_word' id='word_1_51' title='bbox 830 1515 933 1569; x_wconf 85' lang='lat' dir='ltr'><strong>usus</strong></span> <span class='ocrx_word' id='word_1_52' title='bbox 956 1502 990 1569; x_wconf 88' lang='lat' dir='ltr'><strong>et</strong></span> <span class='ocrx_word' id='word_1_53' title='bbox 1013 1496 1154 1569; x_wconf 87' lang='lat' dir='ltr'><strong>labores</strong></span> <span class='ocrx_word' id='word_1_54' title='bbox 1175 1496 1227 1579; x_wconf 88' lang='lat' dir='ltr'><strong>ei·</strong></span> 
     </span>
     <span class='ocr_line' id='line_1_10' title="bbox 165 1616 1230 1712; baseline 0.006 -24"><span class='ocrx_word' id='word_1_55' title='bbox 165 1616 286 1711; x_wconf 85' lang='lat' dir='ltr'><strong>lingit,</strong></span> <span class='ocrx_word' id='word_1_56' title='bbox 316 1621 531 1694; x_wconf 78' lang='lat' dir='ltr'><strong>deridiculos</strong></span> <span class='ocrx_word' id='word_1_57' title='bbox 562 1619 670 1693; x_wconf 89' lang='lat' dir='ltr'><strong>etiam</strong></span> <span class='ocrx_word' id='word_1_58' title='bbox 695 1621 882 1693; x_wconf 92' lang='lat' dir='ltr'><strong>hominum</strong></span> <span class='ocrx_word' id='word_1_59' title='bbox 907 1621 1027 1695; x_wconf 84' lang='lat' dir='ltr'><strong>vultus</strong></span> <span class='ocrx_word' id='word_1_60' title='bbox 1055 1620 1230 1712; x_wconf 80' lang='lat' dir='ltr'><strong>perfacete</strong></span> 
     </span>
     <span class='ocr_line' id='line_1_11' title="bbox 164 1740 367 1839; baseline 0.015 -25"><span class='ocrx_word' id='word_1_61' title='bbox 164 1742 279 1836; x_wconf 91' lang='lat' dir='ltr'><strong>pingit</strong></span> <span class='ocrx_word' id='word_1_62' title='bbox 291 1740 367 1839; x_wconf 74' lang='grc'>’(5).</span> 
     </span>
    </p>

    <p class='ocr_par' dir='ltr' id='par_1_3' title="bbox 164 1868 1231 3695">
     <span class='ocr_line' id='line_1_12' title="bbox 216 1868 1229 1961; baseline 0.004 -22"><span class='ocrx_word' id='word_1_63' title='bbox 216 1868 302 1953; x_wconf 85' lang='lat' dir='ltr'><strong>Quae</strong></span> <span class='ocrx_word' id='word_1_64' title='bbox 317 1868 383 1942; x_wconf 88' lang='lat' dir='ltr'><strong>init</strong></span> <span class='ocrx_word' id='word_1_65' title='bbox 398 1869 561 1942; x_wconf 88' lang='lat' dir='ltr'><strong>mutandi</strong></span> <span class='ocrx_word' id='word_1_66' title='bbox 581 1868 696 1942; x_wconf 83' lang='lat' dir='ltr'><strong>ratio?</strong></span> <span class='ocrx_word' id='word_1_67' title='bbox 711 1870 781 1941; x_wconf 86' lang='lat' dir='ltr'><strong>Cur</strong></span> <span class='ocrx_word' id='word_1_68' title='bbox 800 1869 1006 1942; x_wconf 88' lang='lat' dir='ltr'><strong>novandum</strong></span> <span class='ocrx_word' id='word_1_69' title='bbox 1026 1870 1165 1961; x_wconf 86' lang='lat' dir='ltr'><strong>aliquid</strong></span> <span class='ocrx_word' id='word_1_70' title='bbox 1185 1870 1229 1943; x_wconf 92' lang='lat' dir='ltr'><strong>de</strong></span> 
     </span>
     <span class='ocr_line' id='line_1_13' title="bbox 164 1991 1229 2084; baseline 0.003 -21"><span class='ocrx_word' id='word_1_71' title='bbox 164 1991 345 2083; x_wconf 88' lang='lat' dir='ltr'><strong>prioribus</strong></span> <span class='ocrx_word' id='word_1_72' title='bbox 364 1991 562 2065; x_wconf 77' lang='lat' dir='ltr'><strong>institutis?</strong></span> <span class='ocrx_word' id='word_1_73' title='bbox 582 1993 620 2064; x_wconf 90' lang='lat' dir='ltr'><strong>Si</strong></span> <span class='ocrx_word' id='word_1_74' title='bbox 642 2012 716 2066; x_wconf 92' lang='lat' dir='ltr'><strong>rem</strong></span> <span class='ocrx_word' id='word_1_75' title='bbox 740 1999 874 2066; x_wconf 90' lang='lat' dir='ltr'><strong>attente</strong></span> <span class='ocrx_word' id='word_1_76' title='bbox 899 2010 1111 2084; x_wconf 85' lang='lat' dir='ltr'><strong>pernoscere</strong></span> <span class='ocrx_word' id='word_1_77' title='bbox 1130 2012 1229 2066; x_wconf 85' lang='lat' dir='ltr'><strong>enra-</strong></span> 
     </span>
     <span class='ocr_line' id='line_1_14' title="bbox 165 2115 1228 2209; baseline 0.002 -22"><span class='ocrx_word' id='word_1_78' title='bbox 165 2115 245 2198; x_wconf 87' lang='lat' dir='ltr'><strong>his,·</strong></span> <span class='ocrx_word' id='word_1_79' title='bbox 275 2115 367 2187; x_wconf 89' lang='lat' dir='ltr'><strong>nihil</strong></span> <span class='ocrx_word' id='word_1_80' title='bbox 394 2115 541 2208; x_wconf 88' lang='lat' dir='ltr'><strong>quidem</strong></span> <span class='ocrx_word' id='word_1_81' title='bbox 570 2121 747 2209; x_wconf 86' lang='lat' dir='ltr'><strong>mutatum</strong></span> <span class='ocrx_word' id='word_1_82' title='bbox 773 2115 869 2189; x_wconf 89' lang='lat' dir='ltr'><strong>dices</strong></span> <span class='ocrx_word' id='word_1_83' title='bbox 897 2139 905 2186; x_wconf 91' lang='lat'>:</span> <span class='ocrx_word' id='word_1_84' title='bbox 932 2115 1005 2188; x_wconf 93' lang='lat' dir='ltr'><strong>imo</strong></span> <span class='ocrx_word' id='word_1_85' title='bbox 1035 2117 1228 2208; x_wconf 91' lang='lat' dir='ltr'><strong>pristinum</strong></span> 
     </span>
     <span class='ocr_line' id='line_1_15' title="bbox 166 2239 1230 2332; baseline 0.003 -21"><span class='ocrx_word' id='word_1_86' title='bbox 166 2258 300 2312; x_wconf 89' lang='lat' dir='ltr'><strong>morem</strong></span> <span class='ocrx_word' id='word_1_87' title='bbox 319 2239 497 2332; x_wconf 80' lang='lat' dir='ltr'><strong>intelliges</strong></span> <span class='ocrx_word' id='word_1_88' title='bbox 524 2259 603 2313; x_wconf 90' lang='lat' dir='ltr'><strong>esse</strong></span> <span class='ocrx_word' id='word_1_89' title='bbox 627 2247 819 2312; x_wconf 87' lang='lat' dir='ltr'><strong>serratum.</strong></span> <span class='ocrx_word' id='word_1_90' title='bbox 842 2239 1044 2327; x_wconf 87' lang='lat' dir='ltr'><strong>Quomodo</strong></span> <span class='ocrx_word' id='word_1_91' title='bbox 1065 2241 1161 2314; x_wconf 92' lang='lat' dir='ltr'><strong>enim</strong></span> <span class='ocrx_word' id='word_1_92' title='bbox 1176 2260 1230 2314; x_wconf 87' lang='lat' dir='ltr'><strong>re-</strong></span> 
     </span>
     <span class='ocr_line' id='line_1_16' title="bbox 165 2362 1231 2456; baseline 0.002 -20"><span class='ocrx_word' id='word_1_93' title='bbox 165 2370 257 2436; x_wconf 89' lang='lat' dir='ltr'><strong>teres</strong></span> <span class='ocrx_word' id='word_1_94' title='bbox 278 2364 389 2436; x_wconf 86' lang='lat' dir='ltr'><strong>Graeci</strong></span> <span class='ocrx_word' id='word_1_95' title='bbox 414 2364 579 2436; x_wconf 88' lang='lat' dir='ltr'><strong>solebant</strong></span> <span class='ocrx_word' id='word_1_96' title='bbox 600 2362 789 2453; x_wconf 83' lang='lat' dir='ltr'><strong>exsequias</strong></span> <span class='ocrx_word' id='word_1_97' title='bbox 809 2364 997 2436; x_wconf 89' lang='lat' dir='ltr'><strong>hominum</strong></span> <span class='ocrx_word' id='word_1_98' title='bbox 1017 2382 1145 2456; x_wconf 87' lang='lat' dir='ltr'><strong>genere</strong></span> <span class='ocrx_word' id='word_1_99' title='bbox 1168 2372 1231 2438; x_wconf 93' lang='lat' dir='ltr'><strong>aut</strong></span> 
     </span>
     <span class='ocr_line' id='line_1_17' title="bbox 165 2484 1229 2580; baseline 0.004 -23"><span class='ocrx_word' id='word_1_100' title='bbox 165 2487 293 2560; x_wconf 87' lang='lat' dir='ltr'><strong>virtute</strong></span> <span class='ocrx_word' id='word_1_101' title='bbox 324 2487 519 2561; x_wconf 89' lang='lat' dir='ltr'><strong>illustrium</strong></span> <span class='ocrx_word' id='word_1_102' title='bbox 555 2484 704 2560; x_wconf 80' lang='lat' dir='ltr'><strong>ornare?</strong></span> <span class='ocrx_word' id='word_1_103' title='bbox 731 2488 857 2559; x_wconf 89' lang='lat' dir='ltr'><strong>Nonne</strong></span> <span class='ocrx_word' id='word_1_104' title='bbox 890 2487 1052 2560; x_wconf 86' lang='lat' dir='ltr'><strong>lunebris</strong></span> <span class='ocrx_word' id='word_1_105' title='bbox 1087 2506 1229 2580; x_wconf 88' lang='lat' dir='ltr'><strong>pompae</strong></span> 
     </span>
     <span class='ocr_line' id='line_1_18' title="bbox 165 2609 1228 2705; baseline 0.002 -23"><span class='ocrx_word' id='word_1_106' title='bbox 165 2610 429 2703; x_wconf 83' lang='lat' dir='ltr'><strong>magnificentia</strong></span> <span class='ocrx_word' id='word_1_107' title='bbox 456 2611 671 2703; x_wconf 86' lang='lat' dir='ltr'><strong>augebatur,</strong></span> <span class='ocrx_word' id='word_1_108' title='bbox 702 2609 789 2681; x_wconf 86' lang='lat' dir='ltr'><strong>vivis</strong></span> <span class='ocrx_word' id='word_1_109' title='bbox 829 2610 959 2683; x_wconf 87' lang='lat' dir='ltr'><strong>hostiis</strong></span> <span class='ocrx_word' id='word_1_110' title='bbox 992 2619 1075 2685; x_wconf 88' lang='lat' dir='ltr'><strong>ante</strong></span> <span class='ocrx_word' id='word_1_111' title='bbox 1103 2630 1228 2705; x_wconf 90' lang='lat' dir='ltr'><strong>rogum</strong></span> 
     </span>
     <span class='ocr_line' id='line_1_19' title="bbox 166 2732 1224 2826; baseline 0.005 -20"><span class='ocrx_word' id='word_1_112' title='bbox 166 2733 348 2807; x_wconf 80' lang='lat' dir='ltr'><strong>mactatis?</strong></span> <span class='ocrx_word' id='word_1_113' title='bbox 365 2735 468 2823; x_wconf 90' lang='lat' dir='ltr'><strong>Quod</strong></span> <span class='ocrx_word' id='word_1_114' title='bbox 490 2734 704 2806; x_wconf 86' lang='lat' dir='ltr'><strong>sacrificium</strong></span> <span class='ocrx_word' id='word_1_115' title='bbox 725 2732 936 2806; x_wconf 86' lang='lat' dir='ltr'><strong>dicebantur</strong></span> <span class='ocrx_word' id='word_1_116' title='bbox 954 2735 1142 2826; x_wconf 84' lang='lat' dir='ltr'><strong>praelibare</strong></span> <span class='ocrx_word' id='word_1_117' title='bbox 1162 2736 1224 2811; x_wconf 84' lang='lat' dir='ltr'><strong>de·</strong></span> 
     </span>
     <span class='ocr_line' id='line_1_20' title="bbox 165 2858 1228 2957; baseline 0.003 -26"><span class='ocrx_word' id='word_1_118' title='bbox 165 2859 368 2931; x_wconf 85' lang='lat' dir='ltr'><strong>iunctorum</strong></span> <span class='ocrx_word' id='word_1_119' title='bbox 393 2861 535 2942; x_wconf 88' lang='lat' dir='ltr'><strong>Manes,</strong></span> <span class='ocrx_word' id='word_1_120' title='bbox 565 2858 951 2957; x_wconf 9' lang='lat' dir='ltr'><strong>sanguinempeiiusum</strong></span> <span class='ocrx_word' id='word_1_121' title='bbox 976 2859 1156 2945; x_wconf 90' lang='lat' dir='ltr'><strong>sitientes,</strong></span> <span class='ocrx_word' id='word_1_122' title='bbox 1181 2861 1228 2934; x_wconf 91' lang='lat' dir='ltr'><strong>ad</strong></span> 
     </span>
     <span class='ocr_line' id='line_1_21' title="bbox 165 2983 1225 3075; baseline 0.003 -20"><span class='ocrx_word' id='word_1_123' title='bbox 165 2989 312 3056; x_wconf 88' lang='lat' dir='ltr'><strong>cruenta</strong></span> <span class='ocrx_word' id='word_1_124' title='bbox 338 2983 513 3055; x_wconf 85' lang='lat' dir='ltr'><strong>libamina</strong></span> <span class='ocrx_word' id='word_1_125' title='bbox 538 2990 701 3067; x_wconf 67' lang='lat' dir='ltr'><strong>ruentes</strong></span> <span class='ocrx_word' id='word_1_126' title='bbox 730 2983 761 3056; x_wconf 92' lang='lat' dir='ltr'><strong>si</strong></span> <span class='ocrx_word' id='word_1_127' title='bbox 788 2983 934 3073; x_wconf 86' lang='lat' dir='ltr'><strong>quidem</strong></span> <span class='ocrx_word' id='word_1_128' title='bbox 966 2984 1081 3075; x_wconf 86' lang='lat' dir='ltr'><strong>poetis</strong></span> <span class='ocrx_word' id='word_1_129' title='bbox 1111 2984 1225 3058; x_wconf 89' lang='lat' dir='ltr'><strong>credi·</strong></span> 
     </span>
     <span class='ocr_line' id='line_1_22' title="bbox 165 3104 1224 3202; baseline 0.001 -23"><span class='ocrx_word' id='word_1_130' title='bbox 165 3125 245 3180; x_wconf 91' lang='lat' dir='ltr'><strong>mus</strong></span> <span class='ocrx_word' id='word_1_131' title='bbox 269 3104 333 3202; x_wconf 79' lang='lat'>(5).</span> <span class='ocrx_word' id='word_1_132' title='bbox 354 3108 425 3180; x_wconf 90' lang='lat' dir='ltr'><strong>Nec</strong></span> <span class='ocrx_word' id='word_1_133' title='bbox 447 3106 551 3190; x_wconf 88' lang='lat' dir='ltr'><strong>satis,</strong></span> <span class='ocrx_word' id='word_1_134' title='bbox 574 3106 672 3179; x_wconf 90' lang='lat' dir='ltr'><strong>sitim</strong></span> <span class='ocrx_word' id='word_1_135' title='bbox 692 3108 834 3198; x_wconf 91' lang='lat' dir='ltr'><strong>explere</strong></span> <span class='ocrx_word' id='word_1_136' title='bbox 856 3130 864 3179; x_wconf 75' lang='grc' dir='ltr'><strong><em>ε</em></strong></span> <span class='ocrx_word' id='word_1_137' title='bbox 887 3107 1021 3180; x_wconf 87' lang='lat' dir='ltr'><strong>eaedem</strong></span> <span class='ocrx_word' id='word_1_138' title='bbox 1047 3115 1132 3181; x_wconf 89' lang='lat' dir='ltr'><strong>sunt</strong></span> <span class='ocrx_word' id='word_1_139' title='bbox 1150 3110 1224 3182; x_wconf 88' lang='lat' dir='ltr'><strong>lla-</strong></span> 
     </span>
     <span class='ocr_line' id='line_1_23' title="bbox 165 3229 1226 3320; baseline 0.002 -19"><span class='ocrx_word' id='word_1_140' title='bbox 165 3230 274 3305; x_wconf 87' lang='lat' dir='ltr'><strong>nibus</strong></span> <span class='ocrx_word' id='word_1_141' title='bbox 288 3231 537 3314; x_wconf 88' lang='lat' dir='ltr'><strong>necessitates,</strong></span> <span class='ocrx_word' id='word_1_142' title='bbox 559 3229 683 3304; x_wconf 91' lang='lat' dir='ltr'><strong>eadem</strong></span> <span class='ocrx_word' id='word_1_143' title='bbox 703 3230 839 3313; x_wconf 88' lang='lat' dir='ltr'><strong>studia,</strong></span> <span class='ocrx_word' id='word_1_144' title='bbox 863 3229 986 3302; x_wconf 89' lang='lat' dir='ltr'><strong>eadem</strong></span> <span class='ocrx_word' id='word_1_145' title='bbox 1005 3230 1226 3320; x_wconf 86' lang='lat' dir='ltr'><strong>voluptatum</strong></span> 
     </span>
     <span class='ocr_line' id='line_1_24' title="bbox 164 3353 1227 3445; baseline -0.001 -18"><span class='ocrx_word' id='word_1_146' title='bbox 164 3361 226 3428; x_wconf 89' lang='lat' dir='ltr'><strong>aut</strong></span> <span class='ocrx_word' id='word_1_147' title='bbox 242 3355 535 3428; x_wconf 83' lang='lat' dir='ltr'><strong>exercitationum</strong></span> <span class='ocrx_word' id='word_1_148' title='bbox 550 3354 693 3445; x_wconf 89' lang='lat' dir='ltr'><strong>cupido,</strong></span> <span class='ocrx_word' id='word_1_149' title='bbox 711 3373 793 3445; x_wconf 88' lang='lat' dir='ltr'><strong>quae</strong></span> <span class='ocrx_word' id='word_1_150' title='bbox 811 3354 1026 3426; x_wconf 80' lang='lat' dir='ltr'><strong>viventibus</strong></span> <span class='ocrx_word' id='word_1_151' title='bbox 1048 3353 1153 3445; x_wconf 83' lang='lat' dir='ltr'><strong>Apud</strong></span> <span class='ocrx_word' id='word_1_152' title='bbox 1172 3355 1227 3427; x_wconf 89' lang='lat' dir='ltr'><strong>in·</strong></span> 
     </span>
     <span class='ocr_line' id='line_1_25' title="bbox 166 3477 1225 3569; baseline 0.001 -19"><span class='ocrx_word' id='word_1_153' title='bbox 166 3478 258 3560; x_wconf 85' lang='lat' dir='ltr'><strong>ieros</strong></span> <span class='ocrx_word' id='word_1_154' title='bbox 283 3479 386 3552; x_wconf 90' lang='lat' dir='ltr'><strong>miles</strong></span> <span class='ocrx_word' id='word_1_155' title='bbox 407 3497 595 3558; x_wconf 62' lang='lat' dir='ltr'><strong>,armerum</strong></span> <span class='ocrx_word' id='word_1_156' title='bbox 618 3477 820 3551; x_wconf 87' lang='lat' dir='ltr'><strong>tractationi</strong></span> <span class='ocrx_word' id='word_1_157' title='bbox 847 3477 1030 3569; x_wconf 81' lang='lat' dir='ltr'><strong>indulget,</strong></span> <span class='ocrx_word' id='word_1_158' title='bbox 1054 3480 1225 3563; x_wconf 83' lang='lat' dir='ltr'><strong>luctatur,</strong></span> 
     </span>
     <span class='ocr_line' id='line_1_26' title="bbox 166 3601 1227 3695; baseline 0.001 -20"><span class='ocrx_word' id='word_1_159' title='bbox 166 3603 318 3693; x_wconf 70' lang='lat' dir='ltr'><strong>equitem</strong></span> <span class='ocrx_word' id='word_1_160' title='bbox 336 3622 425 3695; x_wconf 89' lang='lat' dir='ltr'><strong>puer</strong></span> <span class='ocrx_word' id='word_1_161' title='bbox 439 3621 526 3676; x_wconf 88' lang='lat' dir='ltr'><strong>cane</strong></span> <span class='ocrx_word' id='word_1_162' title='bbox 533 3608 595 3676; x_wconf 92' lang='lat' dir='ltr'><strong>aut</strong></span> <span class='ocrx_word' id='word_1_163' title='bbox 609 3602 664 3675; x_wconf 87' lang='lat' dir='ltr'><strong>avi</strong></span> <span class='ocrx_word' id='word_1_164' title='bbox 674 3602 881 3685; x_wconf 88' lang='lat' dir='ltr'><strong>delectatur,</strong></span> <span class='ocrx_word' id='word_1_165' title='bbox 893 3602 1023 3675; x_wconf 89' lang='lat' dir='ltr'><strong>mulier</strong></span> <span class='ocrx_word' id='word_1_166' title='bbox 1038 3601 1227 3677; x_wconf 91' lang='lat' dir='ltr'><strong>munditiis</strong></span> 
     </span>
    </p>
   </div>
   <div class='ocr_carea' id='block_1_3' title="bbox 196 3933 1227 4213">
    <p class='ocr_par' dir='ltr' id='par_1_4' title="bbox 196 3933 1227 4213">
     <span class='ocr_line' id='line_1_27' title="bbox 196 3933 1158 4033; baseline 0 -14"><span class='ocrx_word' id='word_1_167' title='bbox 196 3967 230 4031; x_wconf 81' lang='grc' dir='ltr'><strong>(ι)</strong></span> <span class='ocrx_word' id='word_1_168' title='bbox 246 3965 339 4032; x_wconf 74' lang='lat' dir='ltr'><strong>Rapet,</strong></span> <span class='ocrx_word' id='word_1_169' title='bbox 354 3933 694 4032; x_wconf 70' lang='lat' dir='ltr'><strong>eaz.aesr.-rm,1urrre</strong></span> <span class='ocrx_word' id='word_1_170' title='bbox 712 3967 779 4028; x_wconf 78' lang='lat' dir='ltr'><strong>rurs,</strong></span> <span class='ocrx_word' id='word_1_171' title='bbox 797 3983 822 4032; x_wconf 81' lang='lat' dir='ltr'><strong>p.</strong></span> <span class='ocrx_word' id='word_1_172' title='bbox 838 3967 892 4018; x_wconf 79' lang='lat'>555.</span> <span class='ocrx_word' id='word_1_173' title='bbox 909 3967 948 4018; x_wconf 87' lang='lat' dir='ltr'><strong>cr.</strong></span> <span class='ocrx_word' id='word_1_174' title='bbox 962 3968 1080 4033; x_wconf 68' lang='lat' dir='ltr'><strong>oppane.</strong></span> <span class='ocrx_word' id='word_1_175' title='bbox 1098 3968 1158 4032; x_wconf 75' lang='lat' dir='ltr'><strong>(aa).</strong></span> 
     </span>
     <span class='ocr_line' id='line_1_28' title="bbox 196 4057 676 4123; baseline 0.004 -16"><span class='ocrx_word' id='word_1_176' title='bbox 196 4057 230 4122; x_wconf 68' lang='lat' dir='ltr'><strong>li)</strong></span> <span class='ocrx_word' id='word_1_177' title='bbox 246 4059 300 4119; x_wconf 75' lang='lat' dir='ltr'><strong>lu,</strong></span> <span class='ocrx_word' id='word_1_178' title='bbox 315 4073 340 4121; x_wconf 92' lang='lat' dir='ltr'><strong>p.</strong></span> <span class='ocrx_word' id='word_1_179' title='bbox 357 4059 411 4108; x_wconf 87' lang='grc'>555.</span> <span class='ocrx_word' id='word_1_180' title='bbox 426 4058 466 4109; x_wconf 82' lang='lat' dir='ltr'><strong>Oi.</strong></span> <span class='ocrx_word' id='word_1_181' title='bbox 483 4058 599 4123; x_wconf 72' lang='lat' dir='ltr'><strong>Apporto.</strong></span> <span class='ocrx_word' id='word_1_182' title='bbox 616 4058 676 4122; x_wconf 74' lang='lat' dir='ltr'><strong>(to).</strong></span> 
     </span>
     <span class='ocr_line' id='line_1_29' title="bbox 198 4144 1227 4213; baseline 0.001 -18"><span class='ocrx_word' id='word_1_183' title='bbox 198 4145 230 4210; x_wconf 80' lang='lat'><strong>(3)</strong></span> <span class='ocrx_word' id='word_1_184' title='bbox 248 4146 368 4208; x_wconf 70' lang='lat' dir='ltr'><strong>Homer„</strong></span> <span class='ocrx_word' id='word_1_185' title='bbox 385 4149 488 4213; x_wconf 70' lang='lat' dir='ltr'><strong>(logan,</strong></span> <span class='ocrx_word' id='word_1_186' title='bbox 506 4162 549 4208; x_wconf 88' lang='lat' dir='ltr'><strong>xr,</strong></span> <span class='ocrx_word' id='word_1_187' title='bbox 571 4146 665 4203; x_wconf 77' lang='lat'><strong>34-50;</strong></span> <span class='ocrx_word' id='word_1_188' title='bbox 683 4146 814 4210; x_wconf 65' lang='lat' dir='ltr'><strong>Euripid„</strong></span> <span class='ocrx_word' id='word_1_189' title='bbox 838 4147 906 4207; x_wconf 76' lang='lat' dir='ltr'><strong>lite„</strong></span> <span class='ocrx_word' id='word_1_190' title='bbox 921 4145 986 4208; x_wconf 75' lang='lat'><strong>5363</strong></span> <span class='ocrx_word' id='word_1_191' title='bbox 1008 4145 1092 4207; x_wconf 73' lang='lat' dir='ltr'><strong>illest,</strong></span> <span class='ocrx_word' id='word_1_192' title='bbox 1110 4146 1165 4197; x_wconf 82' lang='lat' dir='ltr'><strong>orl.</strong></span> <span class='ocrx_word' id='word_1_193' title='bbox 1186 4144 1227 4197; x_wconf 82' lang='lat' dir='ltr'><strong>Oi.</strong></span> 
     </span>
    </p>
   </div>
   <div class='ocr_carea' id='block_1_4' title="bbox 167 4233 891 4315">
    <p class='ocr_par' dir='ltr' id='par_1_5' title="bbox 167 4233 891 4315">
     <span class='ocr_line' id='line_1_30' title="bbox 167 4233 891 4315; baseline 0.006 -33"><span class='ocrx_word' id='word_1_194' title='bbox 167 4234 254 4287; x_wconf 77' lang='lat' dir='ltr'><strong>Fuslel</strong></span> <span class='ocrx_word' id='word_1_195' title='bbox 264 4237 297 4287; x_wconf 85' lang='lat' dir='ltr'><strong>de</strong></span> <span class='ocrx_word' id='word_1_196' title='bbox 308 4233 467 4302; x_wconf 79' lang='lat' dir='ltr'><strong>Goulanges,</strong></span> <span class='ocrx_word' id='word_1_197' title='bbox 482 4241 516 4288; x_wconf 86' lang='lat' dir='ltr'><strong>lu</strong></span> <span class='ocrx_word' id='word_1_198' title='bbox 528 4238 577 4288; x_wconf 76' lang='lat' dir='ltr'><strong>citt</strong></span> <span class='ocrx_word' id='word_1_199' title='bbox 590 4239 711 4300; x_wconf 81' lang='lat' dir='ltr'><strong>entique,</strong></span> <span class='ocrx_word' id='word_1_200' title='bbox 727 4252 753 4301; x_wconf 90' lang='lat' dir='ltr'><strong>p.</strong></span> <span class='ocrx_word' id='word_1_201' title='bbox 768 4236 840 4287; x_wconf 65' lang='lat' dir='ltr'><strong>tuo.</strong></span> <span class='ocrx_word' id='word_1_202' title='bbox 889 4312 891 4315; x_wconf 21' lang='grc' dir='ltr'>Ι</span> 
     </span>
    </p>
   </div>
   <div class='ocr_carea' id='block_1_5' title="bbox 0 0 1645 5244">
    <p class='ocr_par' dir='ltr' id='par_1_6' title="bbox 0 0 1645 5244">
     <span class='ocr_line' id='line_1_31' title="bbox 0 0 1645 5244; baseline 0 0"><span class='ocrx_word' id='word_1_203' title='bbox 0 0 1645 5244; x_wconf 95' lang='lat' dir='ltr'><strong> </strong></span> 
     </span>
    </p>
   </div>
  </div>
 </body>
</html>
