<?xml version="1.0" encoding="UTF-8"?>
<!DOCTYPE html PUBLIC "-//W3C//DTD XHTML 1.0 Transitional//EN"
    "http://www.w3.org/TR/xhtml1/DTD/xhtml1-transitional.dtd">
<html xmlns="http://www.w3.org/1999/xhtml" xml:lang="en" lang="en">
 <head>
  <title>
</title>
<meta http-equiv="Content-Type" content="text/html;charset=utf-8" />
  <meta name='ocr-system' content='tesseract 3.04.00' />
  <meta name='ocr-capabilities' content='ocr_page ocr_carea ocr_par ocr_line ocrx_word'/>
</head>
<body>
  <div class='ocr_page' id='page_1' title='image "./quamobcausamgra00pottgoog_0075.png"; bbox 0 0 3246 5234; ppageno 0'>
   <div class='ocr_carea' id='block_1_1' title="bbox 824 459 984 522">
    <p class='ocr_par' dir='ltr' id='par_1_1' title="bbox 824 459 984 522">
     <span class='ocr_line' id='line_1_1' title="bbox 824 459 984 522; baseline -0.006 -15"><span class='ocrx_word' id='word_1_1' title='bbox 824 459 984 522; x_wconf 68' lang='grc'>...64-</span> 
     </span>
    </p>
   </div>
   <div class='ocr_carea' id='block_1_2' title="bbox 299 578 1514 2794">
    <p class='ocr_par' dir='ltr' id='par_1_2' title="bbox 299 578 1514 2794">
     <span class='ocr_line' id='line_1_2' title="bbox 375 578 1434 694; baseline -0.011 -22"><span class='ocrx_word' id='word_1_2' title='bbox 375 597 499 673; x_wconf 84' lang='lat' dir='ltr'>eadem</span> <span class='ocrx_word' id='word_1_3' title='bbox 523 605 602 694; x_wconf 81' lang='lat' dir='ltr'>rota</span> <span class='ocrx_word' id='word_1_4' title='bbox 626 595 815 669; x_wconf 84' lang='lat' dir='ltr'>arboribus</span> <span class='ocrx_word' id='word_1_5' title='bbox 843 595 954 667; x_wconf 87' lang='lat' dir='ltr'>saeris</span> <span class='ocrx_word' id='word_1_6' title='bbox 974 593 1137 685; x_wconf 88' lang='lat' dir='ltr'>apposita</span> <span class='ocrx_word' id='word_1_7' title='bbox 1159 578 1221 664; x_wconf 87' lang='lat' dir='ltr'>aut</span> <span class='ocrx_word' id='word_1_8' title='bbox 1245 607 1434 682; x_wconf 87' lang='lat' dir='ltr'>suspensa.</span> 
     </span>
     <span class='ocr_line' id='line_1_3' title="bbox 375 711 1437 812; baseline -0.008 -21"><span class='ocrx_word' id='word_1_9' title='bbox 375 720 603 812; x_wconf 81' lang='lat' dir='ltr'>compertum</span> <span class='ocrx_word' id='word_1_10' title='bbox 627 719 806 791; x_wconf 92' lang='lat' dir='ltr'>estenim</span> <span class='ocrx_word' id='word_1_11' title='bbox 828 717 925 809; x_wconf 92' lang='lat' dir='ltr'>apud</span> <span class='ocrx_word' id='word_1_12' title='bbox 945 717 1086 811; x_wconf 81' lang='lat' dir='ltr'>Graeeos</span> <span class='ocrx_word' id='word_1_13' title='bbox 1109 716 1362 804; x_wconf 87' lang='lat' dir='ltr'>Romanosque</span> <span class='ocrx_word' id='word_1_14' title='bbox 1387 711 1437 782; x_wconf 88' lang='lat' dir='ltr'>vi·</span> 
     </span>
     <span class='ocr_line' id='line_1_4' title="bbox 375 832 1435 938; baseline -0.012 -20"><span class='ocrx_word' id='word_1_15' title='bbox 375 847 494 938; x_wconf 91' lang='lat' dir='ltr'>guisse</span> <span class='ocrx_word' id='word_1_16' title='bbox 520 845 701 937; x_wconf 82' lang='lat' dir='ltr'>propriam</span> <span class='ocrx_word' id='word_1_17' title='bbox 721 844 912 933; x_wconf 82' lang='lat' dir='ltr'>quamdam</span> <span class='ocrx_word' id='word_1_18' title='bbox 938 842 1106 913; x_wconf 89' lang='lat' dir='ltr'>arborum</span> <span class='ocrx_word' id='word_1_19' title='bbox 1131 840 1339 932; x_wconf 82' lang='lat' dir='ltr'>religionem</span> <span class='ocrx_word' id='word_1_20' title='bbox 1364 832 1435 930; x_wconf 79' lang='lat' dir='ltr'>(l);</span> 
     </span>
     <span class='ocr_line' id='line_1_5' title="bbox 376 948 1439 1061; baseline -0.009 -21"><span class='ocrx_word' id='word_1_21' title='bbox 376 948 509 1061; x_wconf 70' lang='lat' dir='ltr'>ouibus</span> <span class='ocrx_word' id='word_1_22' title='bbox 533 967 754 1058; x_wconf 85' lang='lat' dir='ltr'>anaglypha,</span> <span class='ocrx_word' id='word_1_23' title='bbox 784 965 924 1038; x_wconf 88' lang='lat' dir='ltr'>tabellae</span> <span class='ocrx_word' id='word_1_24' title='bbox 947 965 1072 1055; x_wconf 86' lang='lat' dir='ltr'>pietae,</span> <span class='ocrx_word' id='word_1_25' title='bbox 1094 965 1272 1046; x_wconf 87' lang='lat' dir='ltr'>amuleta,</span> <span class='ocrx_word' id='word_1_26' title='bbox 1298 963 1393 1035; x_wconf 84' lang='lat' dir='ltr'>vittae</span> <span class='ocrx_word' id='word_1_27' title='bbox 1418 978 1439 1030; x_wconf 92' lang='lat' dir='ltr'>a</span> 
     </span>
     <span class='ocr_line' id='line_1_6' title="bbox 299 1087 1439 1184; baseline -0.004 -21"><span class='ocrx_word' id='word_1_28' title='bbox 299 1129 302 1133; x_wconf 93' lang='lat'>·</span> <span class='ocrx_word' id='word_1_29' title='bbox 375 1091 604 1184; x_wconf 74' lang='lat' dir='ltr'>precantibus</span> <span class='ocrx_word' id='word_1_30' title='bbox 623 1089 874 1181; x_wconf 80' lang='lat' dir='ltr'>alligabantur,</span> <span class='ocrx_word' id='word_1_31' title='bbox 898 1096 1006 1178; x_wconf 86' lang='lat' dir='ltr'>atque</span> <span class='ocrx_word' id='word_1_32' title='bbox 1031 1089 1137 1161; x_wconf 88' lang='lat' dir='ltr'>etiam</span> <span class='ocrx_word' id='word_1_33' title='bbox 1163 1088 1280 1179; x_wconf 90' lang='lat' dir='ltr'>sigilla</span> <span class='ocrx_word' id='word_1_34' title='bbox 1304 1087 1439 1178; x_wconf 87' lang='lat' dir='ltr'>figlinis</span> 
     </span>
     <span class='ocr_line' id='line_1_7' title="bbox 376 1204 1438 1306; baseline -0.001 -23"><span class='ocrx_word' id='word_1_35' title='bbox 376 1213 500 1306; x_wconf 86' lang='lat' dir='ltr'>liguris</span> <span class='ocrx_word' id='word_1_36' title='bbox 520 1212 646 1284; x_wconf 89' lang='lat' dir='ltr'>habitu</span> <span class='ocrx_word' id='word_1_37' title='bbox 669 1219 703 1284; x_wconf 88' lang='lat' dir='ltr'>et</span> <span class='ocrx_word' id='word_1_38' title='bbox 727 1212 843 1302; x_wconf 87' lang='lat' dir='ltr'>speeie</span> <span class='ocrx_word' id='word_1_39' title='bbox 869 1204 1063 1283; x_wconf 85' lang='lat' dir='ltr'>admodum</span> <span class='ocrx_word' id='word_1_40' title='bbox 1087 1210 1220 1283; x_wconf 90' lang='lat' dir='ltr'>similia</span> <span class='ocrx_word' id='word_1_41' title='bbox 1245 1207 1309 1304; x_wconf 73' lang='lat' dir='ltr'>(l).</span> <span class='ocrx_word' id='word_1_42' title='bbox 1336 1212 1438 1283; x_wconf 77' lang='lat' dir='ltr'>llam-</span> 
     </span>
     <span class='ocr_line' id='line_1_8' title="bbox 376 1334 1440 1427; baseline -0.006 -14"><span class='ocrx_word' id='word_1_43' title='bbox 376 1340 466 1413; x_wconf 91' lang='lat' dir='ltr'>dem</span> <span class='ocrx_word' id='word_1_44' title='bbox 479 1336 752 1411; x_wconf 92' lang='lat' dir='ltr'>similitudinem</span> <span class='ocrx_word' id='word_1_45' title='bbox 775 1343 808 1410; x_wconf 92' lang='lat' dir='ltr'>et</span> <span class='ocrx_word' id='word_1_46' title='bbox 824 1337 932 1427; x_wconf 90' lang='lat' dir='ltr'>paulo</span> <span class='ocrx_word' id='word_1_47' title='bbox 951 1335 1184 1426; x_wconf 78' lang='lat' dir='ltr'>insigniorem</span> <span class='ocrx_word' id='word_1_48' title='bbox 1205 1334 1440 1426; x_wconf 91' lang='lat' dir='ltr'>deprehendi·</span> 
     </span>
     <span class='ocr_line' id='line_1_9' title="bbox 375 1458 1439 1553; baseline -0.004 -16"><span class='ocrx_word' id='word_1_49' title='bbox 375 1482 457 1537; x_wconf 92' lang='lat' dir='ltr'>mus</span> <span class='ocrx_word' id='word_1_50' title='bbox 489 1463 527 1535; x_wconf 92' lang='lat' dir='ltr'>in</span> <span class='ocrx_word' id='word_1_51' title='bbox 555 1461 659 1553; x_wconf 82' lang='lat' dir='ltr'>piatis</span> <span class='ocrx_word' id='word_1_52' title='bbox 687 1458 903 1552; x_wconf 87' lang='lat' dir='ltr'>quibusdam</span> <span class='ocrx_word' id='word_1_53' title='bbox 931 1461 1046 1542; x_wconf 88' lang='lat' dir='ltr'>vasis,</span> <span class='ocrx_word' id='word_1_54' title='bbox 1080 1478 1161 1551; x_wconf 88' lang='lat' dir='ltr'>quae</span> <span class='ocrx_word' id='word_1_55' title='bbox 1185 1460 1292 1532; x_wconf 88' lang='lat' dir='ltr'>nobis</span> <span class='ocrx_word' id='word_1_56' title='bbox 1320 1468 1439 1534; x_wconf 81' lang='lat' dir='ltr'>ostem</span> 
     </span>
     <span class='ocr_line' id='line_1_10' title="bbox 377 1584 1467 1677; baseline -0.004 -17"><span class='ocrx_word' id='word_1_57' title='bbox 377 1587 467 1660; x_wconf 90' lang='lat' dir='ltr'>dunt</span> <span class='ocrx_word' id='word_1_58' title='bbox 486 1586 554 1658; x_wconf 90' lang='lat' dir='ltr'>sub</span> <span class='ocrx_word' id='word_1_59' title='bbox 577 1585 728 1659; x_wconf 80' lang='lat' dir='ltr'>aedicula</span> <span class='ocrx_word' id='word_1_60' title='bbox 747 1586 950 1656; x_wconf 80' lang='lat' dir='ltr'>columnata</span> <span class='ocrx_word' id='word_1_61' title='bbox 974 1584 1108 1655; x_wconf 93' lang='lat' dir='ltr'>undam</span> <span class='ocrx_word' id='word_1_62' title='bbox 1132 1601 1151 1656; x_wconf 93' lang='lat' dir='ltr'>e</span> <span class='ocrx_word' id='word_1_63' title='bbox 1174 1584 1320 1656; x_wconf 92' lang='lat' dir='ltr'>leonum</span> <span class='ocrx_word' id='word_1_64' title='bbox 1346 1585 1439 1677; x_wconf 89' lang='lat' dir='ltr'>gulis</span> <span class='ocrx_word' id='word_1_65' title='bbox 1464 1650 1467 1656; x_wconf 87' lang='lat'>.</span> 
     </span>
     <span class='ocr_line' id='line_1_11' title="bbox 378 1707 1441 1799; baseline -0.002 -17"><span class='ocrx_word' id='word_1_66' title='bbox 378 1708 616 1790; x_wconf 88' lang='lat' dir='ltr'>defluentem;</span> <span class='ocrx_word' id='word_1_67' title='bbox 648 1708 686 1780; x_wconf 91' lang='lat' dir='ltr'>in</span> <span class='ocrx_word' id='word_1_68' title='bbox 712 1710 785 1779; x_wconf 90' lang='lat' dir='ltr'>ima</span> <span class='ocrx_word' id='word_1_69' title='bbox 809 1714 927 1779; x_wconf 92' lang='lat' dir='ltr'>autem</span> <span class='ocrx_word' id='word_1_70' title='bbox 959 1714 1059 1798; x_wconf 89' lang='lat' dir='ltr'>parte</span> <span class='ocrx_word' id='word_1_71' title='bbox 1084 1707 1240 1796; x_wconf 85' lang='lat' dir='ltr'>jaeemia</span> <span class='ocrx_word' id='word_1_72' title='bbox 1266 1707 1383 1799; x_wconf 92' lang='lat' dir='ltr'>sigilla</span> <span class='ocrx_word' id='word_1_73' title='bbox 1407 1715 1441 1780; x_wconf 88' lang='lat' dir='ltr'>et</span> 
     </span>
     <span class='ocr_line' id='line_1_12' title="bbox 378 1831 1442 1924; baseline 0.001 -20"><span class='ocrx_word' id='word_1_74' title='bbox 378 1832 575 1924; x_wconf 90' lang='lat' dir='ltr'>parietibus</span> <span class='ocrx_word' id='word_1_75' title='bbox 603 1831 720 1905; x_wconf 82' lang='lat' dir='ltr'>aifixae</span> <span class='ocrx_word' id='word_1_76' title='bbox 747 1831 887 1904; x_wconf 87' lang='lat' dir='ltr'>tabellae</span> <span class='ocrx_word' id='word_1_77' title='bbox 913 1831 984 1902; x_wconf 88' lang='lat' dir='ltr'>vim</span> <span class='ocrx_word' id='word_1_78' title='bbox 1011 1831 1185 1904; x_wconf 84' lang='lat' dir='ltr'>medicam</span> <span class='ocrx_word' id='word_1_79' title='bbox 1212 1850 1387 1923; x_wconf 88' lang='lat' dir='ltr'>aquarum</span> <span class='ocrx_word' id='word_1_80' title='bbox 1407 1838 1442 1905; x_wconf 87' lang='lat' dir='ltr'>et</span> 
     </span>
     <span class='ocr_line' id='line_1_13' title="bbox 376 1952 1443 2048; baseline -0.001 -18"><span class='ocrx_word' id='word_1_81' title='bbox 376 1957 625 2048; x_wconf 84' lang='lat' dir='ltr'>aegrotantium</span> <span class='ocrx_word' id='word_1_82' title='bbox 656 1957 823 2046; x_wconf 89' lang='lat' dir='ltr'>pietatem</span> <span class='ocrx_word' id='word_1_83' title='bbox 857 1962 1033 2028; x_wconf 87' lang='lat' dir='ltr'>testantur</span> <span class='ocrx_word' id='word_1_84' title='bbox 1070 1952 1117 2048; x_wconf 81' lang='lat'>(3)</span> <span class='ocrx_word' id='word_1_85' title='bbox 1150 1980 1159 2026; x_wconf 75' lang='grc' dir='ltr'><strong>ε</strong></span> <span class='ocrx_word' id='word_1_86' title='bbox 1192 1975 1273 2047; x_wconf 84' lang='lat' dir='ltr'>quae</span> <span class='ocrx_word' id='word_1_87' title='bbox 1304 1957 1443 2048; x_wconf 87' lang='lat' dir='ltr'>pletura</span> 
     </span>
     <span class='ocr_line' id='line_1_14' title="bbox 381 2080 1443 2182; baseline -0.002 -29"><span class='ocrx_word' id='word_1_88' title='bbox 381 2081 472 2153; x_wconf 89' lang='lat' dir='ltr'>miro</span> <span class='ocrx_word' id='word_1_89' title='bbox 496 2080 602 2153; x_wconf 91' lang='lat' dir='ltr'>modo</span> <span class='ocrx_word' id='word_1_90' title='bbox 616 2098 618 2101; x_wconf 75' lang='grc'><strong>’</strong></span> <span class='ocrx_word' id='word_1_91' title='bbox 633 2080 783 2182; x_wconf 84' lang='lat' dir='ltr'>videtur</span> <span class='ocrx_word' id='word_1_92' title='bbox 802 2081 982 2153; x_wconf 87' lang='lat' dir='ltr'>illustrare</span> <span class='ocrx_word' id='word_1_93' title='bbox 1009 2080 1167 2153; x_wconf 88' lang='lat' dir='ltr'>Platonis</span> <span class='ocrx_word' id='word_1_94' title='bbox 1193 2081 1301 2154; x_wconf 84' lang='lat' dir='ltr'>verba</span> <span class='ocrx_word' id='word_1_95' title='bbox 1328 2099 1443 2172; x_wconf 88' lang='lat' dir='ltr'>nuper</span> 
     </span>
     <span class='ocr_line' id='line_1_15' title="bbox 379 2200 1440 2298; baseline 0 -21"><span class='ocrx_word' id='word_1_96' title='bbox 379 2206 518 2296; x_wconf 89' lang='lat' dir='ltr'>prolata</span> <span class='ocrx_word' id='word_1_97' title='bbox 541 2200 613 2298; x_wconf 79' lang='lat' dir='ltr'>(l),</span> <span class='ocrx_word' id='word_1_98' title='bbox 634 2222 676 2276; x_wconf 90' lang='lat' dir='ltr'>eo</span> <span class='ocrx_word' id='word_1_99' title='bbox 692 2204 805 2295; x_wconf 90' lang='lat' dir='ltr'>magis</span> <span class='ocrx_word' id='word_1_100' title='bbox 824 2203 921 2296; x_wconf 85' lang='lat' dir='ltr'>quod</span> <span class='ocrx_word' id='word_1_101' title='bbox 935 2223 1002 2277; x_wconf 82' lang='lat' dir='ltr'>von</span> <span class='ocrx_word' id='word_1_102' title='bbox 1021 2205 1117 2295; x_wconf 92' lang='lat' dir='ltr'>apud</span> <span class='ocrx_word' id='word_1_103' title='bbox 1136 2206 1276 2278; x_wconf 85' lang='lat' dir='ltr'>Graecos</span> <span class='ocrx_word' id='word_1_104' title='bbox 1291 2206 1440 2288; x_wconf 87' lang='lat' dir='ltr'>usitata,</span> 
     </span>
     <span class='ocr_line' id='line_1_16' title="bbox 375 2328 1514 2428; baseline 0.005 -31"><span class='ocrx_word' id='word_1_105' title='bbox 375 2331 483 2424; x_wconf 80' lang='grc' dir='ltr'><strong>κόραι,</strong></span> <span class='ocrx_word' id='word_1_106' title='bbox 505 2346 586 2401; x_wconf 92' lang='lat' dir='ltr'>oum</span> <span class='ocrx_word' id='word_1_107' title='bbox 603 2328 708 2419; x_wconf 89' lang='lat' dir='ltr'>piotis</span> <span class='ocrx_word' id='word_1_108' title='bbox 727 2328 964 2419; x_wconf 85' lang='lat' dir='ltr'>imagunculis</span> <span class='ocrx_word' id='word_1_109' title='bbox 985 2329 1132 2400; x_wconf 90' lang='lat' dir='ltr'>omuino</span> <span class='ocrx_word' id='word_1_110' title='bbox 1151 2330 1327 2421; x_wconf 88' lang='lat' dir='ltr'>oougruit.</span> <span class='ocrx_word' id='word_1_111' title='bbox 1512 2425 1514 2428; x_wconf 3' lang='grc' dir='ltr'><strong><em>θ</em></strong></span> 
     </span>
     <span class='ocr_line' id='line_1_17' title="bbox 377 2452 1442 2544; baseline 0.002 -19"><span class='ocrx_word' id='word_1_112' title='bbox 377 2535 380 2539; x_wconf 41' lang='grc'><strong>,</strong></span> <span class='ocrx_word' id='word_1_113' title='bbox 417 2453 634 2544; x_wconf 81' lang='lat' dir='ltr'>Sigillorum</span> <span class='ocrx_word' id='word_1_114' title='bbox 659 2470 803 2543; x_wconf 87' lang='lat' dir='ltr'>quoque</span> <span class='ocrx_word' id='word_1_115' title='bbox 827 2453 866 2525; x_wconf 91' lang='lat' dir='ltr'>in</span> <span class='ocrx_word' id='word_1_116' title='bbox 889 2452 968 2525; x_wconf 90' lang='lat' dir='ltr'>basi</span> <span class='ocrx_word' id='word_1_117' title='bbox 992 2461 1054 2525; x_wconf 89' lang='lat' dir='ltr'>aut</span> <span class='ocrx_word' id='word_1_118' title='bbox 1080 2456 1246 2527; x_wconf 82' lang='lat' dir='ltr'>columna</span> <span class='ocrx_word' id='word_1_119' title='bbox 1270 2456 1442 2527; x_wconf 89' lang='lat' dir='ltr'>stantium</span> 
     </span>
     <span class='ocr_line' id='line_1_18' title="bbox 378 2577 1478 2671; baseline 0.001 -20"><span class='ocrx_word' id='word_1_120' title='bbox 378 2577 672 2669; x_wconf 77' lang='lat' dir='ltr'>frequentissima</span> <span class='ocrx_word' id='word_1_121' title='bbox 704 2583 789 2650; x_wconf 90' lang='lat' dir='ltr'>sunt</span> <span class='ocrx_word' id='word_1_122' title='bbox 818 2577 994 2668; x_wconf 81' lang='lat' dir='ltr'>exempla.</span> <span class='ocrx_word' id='word_1_123' title='bbox 1030 2577 1194 2669; x_wconf 91' lang='lat' dir='ltr'>Sigillum</span> <span class='ocrx_word' id='word_1_124' title='bbox 1226 2578 1344 2671; x_wconf 89' lang='lat' dir='ltr'>Priapi</span> <span class='ocrx_word' id='word_1_125' title='bbox 1375 2579 1443 2652; x_wconf 87' lang='lat' dir='ltr'>suh</span> <span class='ocrx_word' id='word_1_126' title='bbox 1477 2594 1478 2597; x_wconf 64' lang='lat'>‘</span> 
     </span>
     <span class='ocr_line' id='line_1_19' title="bbox 377 2689 1444 2794; baseline 0.001 -19"><span class='ocrx_word' id='word_1_127' title='bbox 377 2700 532 2785; x_wconf 57' lang='lat' dir='ltr'>,aedicula</span> <span class='ocrx_word' id='word_1_128' title='bbox 549 2701 677 2793; x_wconf 84' lang='lat' dir='ltr'>positi,</span> <span class='ocrx_word' id='word_1_129' title='bbox 700 2689 756 2774; x_wconf 85' lang='lat' dir='ltr'>eui</span> <span class='ocrx_word' id='word_1_130' title='bbox 780 2701 898 2774; x_wconf 88' lang='lat' dir='ltr'>hostia</span> <span class='ocrx_word' id='word_1_131' title='bbox 915 2703 1142 2786; x_wconf 88' lang='lat' dir='ltr'>immolatur,</span> <span class='ocrx_word' id='word_1_132' title='bbox 1164 2704 1202 2775; x_wconf 92' lang='lat' dir='ltr'>in</span> <span class='ocrx_word' id='word_1_133' title='bbox 1226 2720 1366 2794; x_wconf 90' lang='lat' dir='ltr'>gemma</span> <span class='ocrx_word' id='word_1_134' title='bbox 1384 2721 1444 2776; x_wconf 84' lang='lat' dir='ltr'>ex·</span> 
     </span>
    </p>
   </div>
   <div class='ocr_carea' id='block_1_3' title="bbox 261 2823 1442 2920">
    <p class='ocr_par' dir='ltr' id='par_1_3' title="bbox 261 2823 1442 2920">
     <span class='ocr_line' id='line_1_20' title="bbox 261 2823 1442 2920; baseline -0.001 -21"><span class='ocrx_word' id='word_1_135' title='bbox 261 2826 265 2836; x_wconf 84' lang='lat'>&#39;</span> <span class='ocrx_word' id='word_1_136' title='bbox 375 2827 567 2918; x_wconf 78' lang='lat' dir='ltr'>sculptum</span> <span class='ocrx_word' id='word_1_137' title='bbox 580 2832 634 2899; x_wconf 91' lang='lat' dir='ltr'>est</span> <span class='ocrx_word' id='word_1_138' title='bbox 658 2823 728 2920; x_wconf 79' lang='lat' dir='ltr'>(t);</span> <span class='ocrx_word' id='word_1_139' title='bbox 757 2826 795 2898; x_wconf 92' lang='lat' dir='ltr'>in</span> <span class='ocrx_word' id='word_1_140' title='bbox 819 2829 930 2900; x_wconf 91' lang='lat' dir='ltr'>altera</span> <span class='ocrx_word' id='word_1_141' title='bbox 952 2845 1092 2918; x_wconf 88' lang='lat' dir='ltr'>gemma</span> <span class='ocrx_word' id='word_1_142' title='bbox 1124 2828 1242 2901; x_wconf 91' lang='lat' dir='ltr'>simile</span> <span class='ocrx_word' id='word_1_143' title='bbox 1261 2827 1442 2920; x_wconf 87' lang='lat' dir='ltr'>quoddam</span> 
     </span>
    </p>
   </div>
   <div class='ocr_carea' id='block_1_4' title="bbox 377 2949 1446 3168">
    <p class='ocr_par' dir='ltr' id='par_1_4' title="bbox 377 2949 1446 3168">
     <span class='ocr_line' id='line_1_21' title="bbox 377 2949 1446 3064; baseline 0.003 -41"><span class='ocrx_word' id='word_1_144' title='bbox 377 2949 596 3064; x_wconf 79' lang='lat' dir='ltr'>sacrificium</span> <span class='ocrx_word' id='word_1_145' title='bbox 615 2949 809 3042; x_wconf 78' lang='lat' dir='ltr'>effingitur,</span> <span class='ocrx_word' id='word_1_146' title='bbox 827 2953 883 3022; x_wconf 90' lang='lat' dir='ltr'>oui</span> <span class='ocrx_word' id='word_1_147' title='bbox 902 2952 1071 3044; x_wconf 87' lang='lat' dir='ltr'>praesidet</span> <span class='ocrx_word' id='word_1_148' title='bbox 1089 2951 1316 3045; x_wconf 81' lang='lat' dir='ltr'>imaguncula</span> <span class='ocrx_word' id='word_1_149' title='bbox 1334 2953 1372 3023; x_wconf 93' lang='lat' dir='ltr'>in</span> <span class='ocrx_word' id='word_1_150' title='bbox 1392 2971 1446 3026; x_wconf 86' lang='lat' dir='ltr'>oo·</span> 
     </span>
     <span class='ocr_line' id='line_1_22' title="bbox 382 3070 1445 3168; baseline 0.003 -23"><span class='ocrx_word' id='word_1_151' title='bbox 382 3075 507 3147; x_wconf 87' lang='lat' dir='ltr'>lomna</span> <span class='ocrx_word' id='word_1_152' title='bbox 533 3081 649 3148; x_wconf 79' lang='lat' dir='ltr'>ereata</span> <span class='ocrx_word' id='word_1_153' title='bbox 678 3070 742 3168; x_wconf 76' lang='grc'><strong>(6),</strong></span> <span class='ocrx_word' id='word_1_154' title='bbox 770 3075 811 3146; x_wconf 91' lang='lat' dir='ltr'>ln</span> <span class='ocrx_word' id='word_1_155' title='bbox 835 3076 1067 3168; x_wconf 80' lang='lat' dir='ltr'>anaglyphis,</span> <span class='ocrx_word' id='word_1_156' title='bbox 1089 3076 1127 3147; x_wconf 92' lang='lat' dir='ltr'>in</span> <span class='ocrx_word' id='word_1_157' title='bbox 1151 3075 1256 3168; x_wconf 88' lang='lat' dir='ltr'>piotis</span> <span class='ocrx_word' id='word_1_158' title='bbox 1275 3078 1371 3150; x_wconf 85' lang='lat' dir='ltr'>vasis</span> <span class='ocrx_word' id='word_1_159' title='bbox 1391 3078 1445 3150; x_wconf 88' lang='lat' dir='ltr'>rel</span> 
     </span>
    </p>
   </div>
   <div class='ocr_carea' id='block_1_5' title="bbox 384 3408 1449 3922">
    <p class='ocr_par' dir='ltr' id='par_1_5' title="bbox 416 3408 1252 3480">
     <span class='ocr_line' id='line_1_23' title="bbox 416 3408 1252 3480; baseline 0.002 -21"><span class='ocrx_word' id='word_1_160' title='bbox 416 3409 450 3474; x_wconf 84' lang='grc'>(1)</span> <span class='ocrx_word' id='word_1_161' title='bbox 464 3409 623 3475; x_wconf 87' lang='lat' dir='ltr'>Daremberg</span> <span class='ocrx_word' id='word_1_162' title='bbox 638 3416 663 3461; x_wconf 89' lang='lat' dir='ltr'>et</span> <span class='ocrx_word' id='word_1_163' title='bbox 678 3408 774 3475; x_wconf 70' lang='lat' dir='ltr'>Sagun,</span> <span class='ocrx_word' id='word_1_164' title='bbox 791 3426 812 3461; x_wconf 86' lang='lat' dir='ltr'>s.</span> <span class='ocrx_word' id='word_1_165' title='bbox 830 3426 854 3464; x_wconf 89' lang='lat' dir='ltr'>v.</span> <span class='ocrx_word' id='word_1_166' title='bbox 869 3411 975 3461; x_wconf 78' lang='lat' dir='ltr'>Ardores</span> <span class='ocrx_word' id='word_1_167' title='bbox 991 3425 1077 3480; x_wconf 75' lang='lat' dir='ltr'>roera.</span> <span class='ocrx_word' id='word_1_168' title='bbox 1094 3428 1120 3476; x_wconf 90' lang='lat' dir='ltr'>p.</span> <span class='ocrx_word' id='word_1_169' title='bbox 1135 3408 1252 3467; x_wconf 73' lang='lat' dir='ltr'>tao-362.</span> 
     </span>
    </p>

    <p class='ocr_par' dir='ltr' id='par_1_6' title="bbox 384 3498 1447 3741">
     <span class='ocr_line' id='line_1_24' title="bbox 414 3498 1446 3566; baseline 0.005 -17"><span class='ocrx_word' id='word_1_170' title='bbox 414 3500 448 3563; x_wconf 76' lang='lat'>(2)</span> <span class='ocrx_word' id='word_1_171' title='bbox 462 3500 563 3551; x_wconf 80' lang='lat' dir='ltr'>Annali</span> <span class='ocrx_word' id='word_1_172' title='bbox 575 3498 631 3550; x_wconf 79' lang='lat' dir='ltr'>dett</span> <span class='ocrx_word' id='word_1_173' title='bbox 643 3500 727 3550; x_wconf 71' lang='lat' dir='ltr'>lauit.</span> <span class='ocrx_word' id='word_1_174' title='bbox 743 3500 892 3562; x_wconf 69' lang='lat' dir='ltr'>orcheolop„</span> <span class='ocrx_word' id='word_1_175' title='bbox 907 3500 974 3561; x_wconf 68' lang='lat'><strong>1829,</strong></span> <span class='ocrx_word' id='word_1_176' title='bbox 990 3505 1042 3551; x_wconf 84' lang='lat' dir='ltr'>lav.</span> <span class='ocrx_word' id='word_1_177' title='bbox 1056 3500 1085 3552; x_wconf 79' lang='lat'>0.</span> <span class='ocrx_word' id='word_1_178' title='bbox 1102 3503 1137 3553; x_wconf 82' lang='lat' dir='ltr'>Le</span> <span class='ocrx_word' id='word_1_179' title='bbox 1151 3502 1212 3563; x_wconf 84' lang='lat' dir='ltr'>Bas,</span> <span class='ocrx_word' id='word_1_180' title='bbox 1229 3505 1327 3566; x_wconf 78' lang='lat' dir='ltr'>Vogage</span> <span class='ocrx_word' id='word_1_181' title='bbox 1339 3504 1446 3555; x_wconf 68' lang='lat' dir='ltr'>orello·</span> 
     </span>
     <span class='ocr_line' id='line_1_25' title="bbox 384 3587 1447 3657; baseline 0.006 -21"><span class='ocrx_word' id='word_1_182' title='bbox 384 3587 483 3651; x_wconf 74' lang='lat' dir='ltr'>rogique</span> <span class='ocrx_word' id='word_1_183' title='bbox 496 3604 527 3638; x_wconf 82' lang='lat' dir='ltr'>ert</span> <span class='ocrx_word' id='word_1_184' title='bbox 542 3590 616 3640; x_wconf 77' lang='lat' dir='ltr'>Grdeo</span> <span class='ocrx_word' id='word_1_185' title='bbox 629 3595 650 3638; x_wconf 79' lang='lat' dir='ltr'>et</span> <span class='ocrx_word' id='word_1_186' title='bbox 664 3603 696 3638; x_wconf 79' lang='lat' dir='ltr'>eu</span> <span class='ocrx_word' id='word_1_187' title='bbox 707 3589 768 3640; x_wconf 81' lang='lat' dir='ltr'>Asia</span> <span class='ocrx_word' id='word_1_188' title='bbox 783 3590 912 3649; x_wconf 67' lang='lat' dir='ltr'>lineare,</span> <span class='ocrx_word' id='word_1_189' title='bbox 930 3593 995 3640; x_wconf 79' lang='lat' dir='ltr'>Mon.</span> <span class='ocrx_word' id='word_1_190' title='bbox 1010 3591 1062 3654; x_wconf 68' lang='lat' dir='ltr'>fig„</span> <span class='ocrx_word' id='word_1_191' title='bbox 1079 3593 1115 3655; x_wconf 89' lang='lat' dir='ltr'>pl.</span> <span class='ocrx_word' id='word_1_192' title='bbox 1129 3592 1162 3645; x_wconf 88' lang='grc'>98</span> <span class='ocrx_word' id='word_1_193' title='bbox 1180 3593 1228 3643; x_wconf 85' lang='lat' dir='ltr'>bis.</span> <span class='ocrx_word' id='word_1_194' title='bbox 1246 3590 1408 3657; x_wconf 82' lang='lat' dir='ltr'>Daremberg</span> <span class='ocrx_word' id='word_1_195' title='bbox 1421 3596 1447 3642; x_wconf 82' lang='lat' dir='ltr'>et</span> 
     </span>
     <span class='ocr_line' id='line_1_26' title="bbox 384 3675 854 3741; baseline 0 -16"><span class='ocrx_word' id='word_1_196' title='bbox 384 3675 480 3740; x_wconf 68' lang='lat' dir='ltr'>Segne,</span> <span class='ocrx_word' id='word_1_197' title='bbox 496 3677 541 3728; x_wconf 83' lang='lat' dir='ltr'>loe.</span> <span class='ocrx_word' id='word_1_198' title='bbox 558 3680 611 3735; x_wconf 81' lang='lat' dir='ltr'>eii..</span> <span class='ocrx_word' id='word_1_199' title='bbox 627 3693 654 3741; x_wconf 87' lang='lat' dir='ltr'>p.</span> <span class='ocrx_word' id='word_1_200' title='bbox 670 3676 725 3738; x_wconf 75' lang='lat'>360,</span> <span class='ocrx_word' id='word_1_201' title='bbox 740 3678 783 3740; x_wconf 86' lang='lat' dir='ltr'>fig.</span> <span class='ocrx_word' id='word_1_202' title='bbox 799 3677 854 3727; x_wconf 79' lang='lat' dir='ltr'>lla.</span> 
     </span>
    </p>

    <p class='ocr_par' dir='ltr' id='par_1_7' title="bbox 385 3766 1449 3922">
     <span class='ocr_line' id='line_1_27' title="bbox 417 3766 1449 3836; baseline 0.003 -19"><span class='ocrx_word' id='word_1_203' title='bbox 417 3766 450 3829; x_wconf 77' lang='grc'>(3)</span> <span class='ocrx_word' id='word_1_204' title='bbox 465 3768 623 3819; x_wconf 72' lang='lat' dir='ltr'>linamenti</span> <span class='ocrx_word' id='word_1_205' title='bbox 638 3767 731 3818; x_wconf 80' lang='lat' dir='ltr'>inediti</span> <span class='ocrx_word' id='word_1_206' title='bbox 746 3767 803 3818; x_wconf 85' lang='lat' dir='ltr'>dell&#39;</span> <span class='ocrx_word' id='word_1_207' title='bbox 818 3770 881 3819; x_wconf 85' lang='lat' dir='ltr'>last.</span> <span class='ocrx_word' id='word_1_208' title='bbox 896 3768 1015 3831; x_wconf 69' lang='lat' dir='ltr'>oaeneon,</span> <span class='ocrx_word' id='word_1_209' title='bbox 1033 3769 1106 3831; x_wconf 77' lang='lat'>1845,</span> <span class='ocrx_word' id='word_1_210' title='bbox 1119 3771 1155 3834; x_wconf 90' lang='lat' dir='ltr'>pl.</span> <span class='ocrx_word' id='word_1_211' title='bbox 1171 3769 1213 3832; x_wconf 83' lang='lat' dir='ltr'>ll,</span> <span class='ocrx_word' id='word_1_212' title='bbox 1232 3770 1269 3822; x_wconf 77' lang='lat'>18.</span> <span class='ocrx_word' id='word_1_213' title='bbox 1288 3770 1449 3836; x_wconf 80' lang='lat' dir='ltr'>Daremberg</span> 
     </span>
     <span class='ocr_line' id='line_1_28' title="bbox 385 3840 1102 3922; baseline -0.001 -13"><span class='ocrx_word' id='word_1_214' title='bbox 385 3859 411 3909; x_wconf 65' lang='grc' dir='ltr'>οἵ</span> <span class='ocrx_word' id='word_1_215' title='bbox 425 3840 521 3921; x_wconf 76' lang='lat' dir='ltr'>Saglio,</span> <span class='ocrx_word' id='word_1_216' title='bbox 537 3860 586 3920; x_wconf 71' lang='lat' dir='ltr'>id„</span> <span class='ocrx_word' id='word_1_217' title='bbox 601 3872 626 3907; x_wconf 51' lang='lat' dir='ltr'>s.¹</span> <span class='ocrx_word' id='word_1_218' title='bbox 635 3873 660 3908; x_wconf 91' lang='lat' dir='ltr'>v.</span> <span class='ocrx_word' id='word_1_219' title='bbox 676 3858 761 3922; x_wconf 77' lang='lat' dir='ltr'>Aqua,</span> <span class='ocrx_word' id='word_1_220' title='bbox 776 3874 802 3922; x_wconf 91' lang='lat' dir='ltr'>p.</span> <span class='ocrx_word' id='word_1_221' title='bbox 817 3858 872 3915; x_wconf 77' lang='lat'><strong>335.</strong></span> <span class='ocrx_word' id='word_1_222' title='bbox 887 3859 930 3922; x_wconf 81' lang='lat' dir='ltr'>ug.</span> <span class='ocrx_word' id='word_1_223' title='bbox 945 3858 999 3910; x_wconf 88' lang='grc'><strong>395.</strong></span> <span class='ocrx_word' id='word_1_224' title='bbox 1100 3889 1102 3896; x_wconf 44' lang='lat'><em>1</em></span> 
     </span>
    </p>
   </div>
   <div class='ocr_carea' id='block_1_6' title="bbox 297 3946 704 4014">
    <p class='ocr_par' dir='ltr' id='par_1_8' title="bbox 297 3946 704 4014">
     <span class='ocr_line' id='line_1_29' title="bbox 297 3946 704 4014; baseline -0.005 -14"><span class='ocrx_word' id='word_1_225' title='bbox 297 3971 302 3981; x_wconf 92' lang='lat'><em>·</em></span> <span class='ocrx_word' id='word_1_226' title='bbox 418 3947 450 4012; x_wconf 76' lang='grc'>(4)</span> <span class='ocrx_word' id='word_1_227' title='bbox 467 3946 528 4000; x_wconf 83' lang='lat' dir='ltr'>vid.</span> <span class='ocrx_word' id='word_1_228' title='bbox 544 3964 613 4014; x_wconf 65' lang='lat' dir='ltr'>sup„</span> <span class='ocrx_word' id='word_1_229' title='bbox 626 3965 652 4014; x_wconf 88' lang='lat' dir='ltr'>p.</span> <span class='ocrx_word' id='word_1_230' title='bbox 666 3949 704 3999; x_wconf 79' lang='lat'>48.</span> 
     </span>
    </p>
   </div>
   <div class='ocr_carea' id='block_1_7' title="bbox 387 4036 1447 4280">
    <p class='ocr_par' dir='ltr' id='par_1_9' title="bbox 387 4036 1447 4280">
     <span class='ocr_line' id='line_1_30' title="bbox 416 4036 1447 4104; baseline 0.002 -16"><span class='ocrx_word' id='word_1_231' title='bbox 416 4037 450 4101; x_wconf 86' lang='lat'>(5)</span> <span class='ocrx_word' id='word_1_232' title='bbox 465 4036 626 4101; x_wconf 86' lang='lat' dir='ltr'>Daremberg</span> <span class='ocrx_word' id='word_1_233' title='bbox 645 4043 671 4088; x_wconf 86' lang='lat' dir='ltr'>et</span> <span class='ocrx_word' id='word_1_234' title='bbox 684 4037 787 4103; x_wconf 80' lang='lat' dir='ltr'>Saglio,</span> <span class='ocrx_word' id='word_1_235' title='bbox 802 4040 867 4090; x_wconf 71' lang='lat' dir='ltr'>Dice.</span> <span class='ocrx_word' id='word_1_236' title='bbox 886 4039 929 4088; x_wconf 80' lang='lat' dir='ltr'>des</span> <span class='ocrx_word' id='word_1_237' title='bbox 948 4040 1041 4103; x_wconf 68' lang='lat' dir='ltr'>antiq„</span> <span class='ocrx_word' id='word_1_238' title='bbox 1062 4051 1083 4090; x_wconf 82' lang='lat' dir='ltr'>s.</span> <span class='ocrx_word' id='word_1_239' title='bbox 1100 4053 1125 4090; x_wconf 84' lang='lat' dir='ltr'>v.</span> <span class='ocrx_word' id='word_1_240' title='bbox 1141 4038 1277 4102; x_wconf 53' lang='lat' dir='ltr'>AEdioulm</span> <span class='ocrx_word' id='word_1_241' title='bbox 1291 4055 1317 4104; x_wconf 93' lang='lat' dir='ltr'>p.</span> <span class='ocrx_word' id='word_1_242' title='bbox 1337 4037 1383 4102; x_wconf 78' lang='lat'>85,</span> <span class='ocrx_word' id='word_1_243' title='bbox 1403 4038 1447 4103; x_wconf 82' lang='lat' dir='ltr'>flg.</span> 
     </span>
     <span class='ocr_line' id='line_1_31' title="bbox 402 4126 440 4178; baseline -0.079 0"><span class='ocrx_word' id='word_1_244' title='bbox 402 4126 440 4178; x_wconf 83' lang='lat'>30.</span> 
     </span>
     <span class='ocr_line' id='line_1_32' title="bbox 387 4127 983 4280; baseline -0.002 -15"><span class='ocrx_word' id='word_1_245' title='bbox 387 4127 397 4180; x_wconf 73' lang='lat'><strong>¹</strong></span> <span class='ocrx_word' id='word_1_246' title='bbox 417 4190 516 4280; x_wconf 25' lang='lat' dir='ltr'>(6)¹&#39;ld.‚</span> <span class='ocrx_word' id='word_1_247' title='bbox 530 4229 552 4266; x_wconf 89' lang='lat' dir='ltr'>s.</span> <span class='ocrx_word' id='word_1_248' title='bbox 568 4230 594 4265; x_wconf 90' lang='lat' dir='ltr'>v.</span> <span class='ocrx_word' id='word_1_249' title='bbox 610 4216 732 4274; x_wconf 72' lang='lat' dir='ltr'>Bacchus,</span> <span class='ocrx_word' id='word_1_250' title='bbox 748 4232 775 4280; x_wconf 91' lang='lat' dir='ltr'>p.</span> <span class='ocrx_word' id='word_1_251' title='bbox 792 4215 847 4278; x_wconf 78' lang='lat' dir='ltr'>ota,</span> <span class='ocrx_word' id='word_1_252' title='bbox 860 4217 913 4280; x_wconf 75' lang='lat' dir='ltr'>fig,</span> <span class='ocrx_word' id='word_1_253' title='bbox 929 4216 983 4266; x_wconf 82' lang='lat' dir='ltr'>lll.</span> 
     </span>
    </p>
   </div>
   <div class='ocr_carea' id='block_1_8' title="bbox 0 0 1636 5234">
    <p class='ocr_par' dir='ltr' id='par_1_10' title="bbox 0 0 1636 5234">
     <span class='ocr_line' id='line_1_33' title="bbox 0 0 1636 5234; baseline 0 0"><span class='ocrx_word' id='word_1_254' title='bbox 0 0 1636 5234; x_wconf 95' lang='lat' dir='ltr'> </span> 
     </span>
    </p>
   </div>
  </div>
 </body>
</html>
