3270 5244
530 452 532 456 ·
595 477 637 496 -
656 443 692 513 st
716 477 757 494 -

142 587 251 662 etiam
272 585 311 659 in
338 586 436 660 cultu
459 584 607 659 deorum
628 583 820 658 babemus.
842 580 969 655 Nonne
987 579 1118 655 dicitur
1141 580 1207 657 lli·

143 729 269 796 nerva,
296 727 361 802 pro
381 708 560 782 Pausania
584 714 668 781 ante
687 725 768 779 aras
786 713 947 789 mortuo,
970 704 1041 778 duo
1061 723 1210 798 corpora
1326 770 1329 777 .

145 833 332 927 repetiisse
354 852 376 906 a
400 830 702 915 Lamiaemoniis,
725 830 787 922 qui
806 849 845 903 se
864 828 1086 902 intellexisse
1106 829 1212 903 dissi·

145 959 351 1043 mularunt,
378 956 504 1030 virano
528 975 576 1029 an
600 961 700 1028 muta
726 973 874 1047 corpora
902 960 1151 1046 poscerentur,
1178 962 1213 1028 ot

147 1082 218 1157 duo
239 1083 430 1156 simulacra
449 1100 493 1154 er
511 1099 582 1156 aere
597 1080 784 1173 intemplo
802 1086 1001 1172 posuerunt
1019 1076 1094 1173 (lli
1109 1078 1214 1172 llpud

148 1209 328 1281 Romanos
344 1225 490 1300 quoque
504 1205 598 1278 lama
612 1212 666 1278 est
679 1207 801 1278 lovem
816 1206 961 1288 iratum,
977 1203 1110 1295 quoda
1124 1204 1214 1277 coelo

149 1333 188 1404 ln
220 1338 352 1404 terram
388 1330 608 1422 quibusdam
643 1328 920 1401 incantamentis
953 1335 1212 1411 arcesseretur,

146 1455 299 1548 jussisse
317 1461 358 1529 ut
376 1454 557 1546 piaculum
573 1453 643 1526 sibi
657 1451 759 1525 fieret
773 1452 904 1558 oblatis
922 1451 1117 1543 capitibus;
1133 1469 1215 1542 quae

149 1579 278 1661 Numa,
293 1583 480 1650 cruentum
498 1574 712 1649 sacrificium
728 1581 924 1664 aversatus,
940 1593 1015 1647 non
1037 1575 1210 1667 ‹capita›

152 1717 252 1784 csse,
275 1700 339 1773 sed
360 1699 548 1792 «coepitio,
571 1726 587 1765 ι
608 1699 862 1791 interpretatus
877 1705 931 1771 est
953 1695 1018 1792 (1).
1041 1698 1135 1786 Quid
1153 1697 1217 1790 igl-

152 1830 211 1896 tur
233 1825 356 1898 Manes
383 1824 505 1897 minus
529 1822 724 1915 placabiles
749 1823 861 1896 luisse
880 1841 988 1915 quam
1014 1822 1100 1896 deos
1123 1823 1217 1896 arbi·

154 1947 312 2023 tremor?
329 1948 432 2037 Quod
450 1949 481 2022 si
497 1949 625 2040 Superi
642 1947 804 2021 lraudem
824 1947 1017 2039 quamdam
1036 1949 1075 2020 in
1095 1948 1163 2021 lrac
1181 1966 1219 2023 re

154 2072 228 2164 pati
248 2090 322 2144 non
343 2072 576 2155 recusabant,
597 2089 672 2144 non
691 2077 872 2146 causaest
891 2090 953 2145 cur
972 2071 1079 2144 lnleri
1098 2070 1219 2145 durio·

156 2214 230 2269 rem
251 2196 439 2288 posuerint
457 2197 571 2289 legem
591 2193 656 2290 (8).
1088 2208 1090 2213 ’

207 2323 281 2394 lloc
299 2321 408 2414 igitur
426 2321 620 2395 verisimile
639 2323 849 2414 opinemur,
872 2321 995 2415 figlina
1015 2323 1132 2414 sigilla
1155 2343 1220 2417 pro

157 2443 326 2518 humanis
344 2445 474 2518 hostiis
494 2452 666 2537 usurpata
685 2446 798 2520 luisse
812 2447 850 2518 in
866 2447 1118 2539 exsequiarum
1134 2447 1218 2522 ritu.

159 2569 257 2642 Ferae
291 2576 326 2642 et
359 2568 522 2643 barbarae
550 2571 803 2644 consuetudini
834 2590 907 2644 non
931 2571 1006 2662 J'am
1036 2571 1223 2664 indulgere

159 2692 343 2783 placebat,
363 2711 430 2766 nec
453 2700 574 2766 tamen
594 2694 646 2766 las
659 2692 810 2800 ‘aliquid
830 2713 850 2767 e
868 2694 1026 2768 Manium
1052 2695 1223 2787 religione

161 2816 359 2890 detrahere.
381 2819 441 2890 Eo.
460 2816 566 2889 modo
593 2836 649 2890 res
667 2807 984 2908 ¹opportunissima
1005 2819 1134 2902 evasit,
1157 2826 1221 2902 ut,

163 2947 300 3012 servata
326 2958 466 3012 morum
493 2941 734 3025 humanitate,
761 2961 846 3014 snos
871 2943 990 3015 secum
1015 2942 1163 3016 baberet
1186 2943 1225 3015 in

161 3064 325 3154 sepulcro
339 3063 542 3149 defunctus,
558 3082 711 3154 quorum
726 3067 935 3138 commercio
950 3072 1012 3138 aut
1025 3066 1225 3139 ministerio

164 3189 304 3280 egebat,
327 3189 392 3262 sed
415 3189 529 3262 lorma
551 3206 644 3260 nova
664 3197 717 3277 et,
738 3197 778 3263 ut
801 3190 851 3262 ita
870 3189 1006 3277 dicam,
1029 3191 1226 3263 adulterata

164 3313 323 3388 indutos.
351 3317 422 3389 Nec
443 3316 517 3406 jam
546 3314 777 3400 mirabimur,
807 3333 905 3386 more
931 3320 1087 3399 mutato,
1113 3317 1227 3387 incre-

197 3599 230 3667 (l)
248 3596 379 3668 Thucyd„
395 3594 417 3666 1,
432 3598 485 3654 tal.

193 3692 231 3756 (2)
247 3693 390 3755 Plutarch„
405 3695 500 3751 Numa,
518 3693 553 3753 15,
569 3688 592 3745 5.

196 3781 230 3846 (8)
249 3781 345 3846 Reyet,
370 3784 432 3833 Ges.
448 3783 492 3833 dec
505 3781 627 3840 n-nro,
642 3776 730 3846 juillet
745 3776 818 3842 1875,
833 3796 858 3846 p.
874 3776 961 3835 66-68.
976 3781 1016 3835 Ol.
1035 3776 1150 3849 Apporto.
1167 3776 1231 3850 (87).

164 3850 323 3922 μ1Ιοτιιινηενιιε
337 3870 367 3920 de
382 3862 439 3923 l'ort
455 3872 569 3934 antique,
585 3869 611 3920 3·
623 3871 757 3932 lnsclcule,
770 3873 876 3923 iouente
892 3871 1014 3923 d'osoelete
1030 3870 1183 3935 (collection
1198 3875 1231 3926 de

168 3954 279 4023 Gleroq).
293 3958 328 4010 Η.
350 3958 504 4024 Housseye,
523 3958 624 4013 Gazette
644 3959 850 4024 aromatumque,
874 3960 932 4011 1876
944 3998 951 4022 ,
965 3976 992 4023 p.
1009 3960 1053 4019 71,
1068 3961 1108 4012 75.
1127 3959 1166 4013 cf.
1183 3966 1232 4027 Ap·

167 4046 244 4109 penu.
260 4047 320 4109 (18).
336 4043 482 4110 Colllgnon,
493 4047 596 4097 Munati
607 4047 715 4109 durch„
731 4062 757 4109 p.
775 4047 894 4100 als-ula.
909 4045 950 4099 01.
965 4049 1082 4113 append.
1099 4050 1157 4113 (89).
1169 4048 1231 4102 Ger·

169 4135 244 4217 teuit,
260 4134 356 4187 collect.
376 4136 491 4199 betocer,
506 4135 533 4185 8·
547 4135 611 4186 iaso.
631 4137 720 4187 Grond
738 4150 841 4201 mosque
854 4138 992 4201 colorique,
1012 4139 1047 4200 pl.
1064 4136 1109 4187 θ’.
1122 4135 1162 4188 01.
1177 4138 1232 4204 Δρ·

167 4221 401 4286 rrarrcl.(30).·¹
484 4236 517 4257 ·-
733 4246 736 4255 ι
1194 4232 1196 4235 ’
1281 4269 1283 4271 ,
