3270 5244
860 491 901 507 ..
922 459 960 524 32
981 492 1021 507 -

407 598 570 670 breseere
596 595 787 669 simulacra
811 610 964 688 quorum
986 597 1141 670 babitus
1170 597 1217 668 ad
1240 595 1473 688 quotidianos

289 793 293 802 ,
407 739 496 794 usus
510 722 703 812 pertinent,
715 739 835 794 servos
851 721 998 808 soilioet,
1016 729 1243 805 mercatores
1259 706 1471 810 histriones,

407 863 551 937 pueros,
569 845 756 929 mulieres;
775 864 857 936 quae
874 845 1019 936 quidem
1037 846 1247 919 assimulata
1262 846 1379 936 speeie
1395 862 1473 938 gra·

407 970 566 1042 tissimas
593 971 673 1041 vitae
697 970 862 1053 delitias,
889 970 1002 1052 risus,
1030 970 1248 1060 voluptates,
1275 970 1382 1042 ludos
1408 970 1471 1044 ‹la-⁴

406 1091 526 1163 luneio
545 1090 722 1174 reddunt,
744 1091 795 1163 ita
814 1091 909 1172 utin
930 1091 1093 1182 sepulcro
1113 1109 1151 1163 se
1171 1110 1244 1164 non
1267 1093 1470 1180 mortuum,

406 1215 471 1289 sed
489 1213 594 1305 quasi
614 1213 810 1287 redivivum
832 1214 1024 1287 existimet.

460 1339 609 1430 Cognita
634 1357 733 1410 nuno
757 1339 944 1430 opinione,
968 1337 1056 1428 quid
1076 1338 1291 1421 sentiamus,
1313 1345 1469 1411 traetan-

406 1462 492 1534 dum
520 1468 587 1534 est.
610 1464 661 1534 De
677 1461 842 1553 pluribus
870 1479 948 1533 oum
977 1467 1120 1533 auctore
1144 1461 1293 1533 omnino
1317 1480 1470 1534 eonsen-

404 1586 574 1659 uranon
608 1567 817 1658 irroremur.
854 1585 1060 1675 Sigillorum
1093 1585 1227 1657 scruto
1258 1583 1409 1656 formam
1438 1593 1473 1659 a

278 1776 281 1782 .
405 1710 568 1783 habitum
597 1717 775 1791 mutasse,
807 1710 845 1781 in
874 1709 1056 1801 prioribus
1077 1709 1300 1799 temporibus
1322 1708 1470 1782 deorum

405 1835 598 1925 imagines,
627 1836 665 1906 in
689 1834 948 1924 posterioribus
973 1835 1152 1905 humanas
1177 1832 1309 1925 figuras
1332 1852 1468 1926 praeva-

404 1957 536 2038 luisse,
554 1976 621 2029 nos
644 1974 788 2047 quoque
808 1975 1010 2029 censemus.
1032 1959 1103 2031 Nee
1124 1975 1198 2028 non
1215 1955 1321 2028 nobis
1338 1956 1472 2047 placuit

317 2078 334 2168 J
405 2083 502 2172 quod
521 2082 649 2155 attinet
668 2081 713 2153 ad
733 2080 918 2154 funebrem
939 2099 1066 2165 usum,
1089 2081 1223 2154 scilieet
1245 2081 1405 2172 plurima
1424 2081 1471 2153 si·

404 2207 507 2299 gilla,
534 2215 584 2280 ’ut
614 2207 820 2281 defunctum
855 2226 876 2277 a
901 2207 1047 2279 tristitia
1074 2209 1310 2290 deterrerent,
1339 2213 1380 2279 ut
1407 2226 1470 2298 pro

279 2410 281 2415 ,
405 2333 573 2405 sotietate
592 2332 694 2404 lateri
713 2332 960 2414 adhaererent,
977 2338 1017 2402 ut
1031 2334 1112 2405 laeto
1132 2339 1167 2404 et
1186 2331 1311 2405 festivo
1327 2338 1471 2422 aspectu

405 2456 636 2529 solitudinem
659 2456 876 2538 mulcerent,
894 2475 967 2526 una
983 2474 1062 2527 eum
1082 2456 1314 2529 cadaveribus
1332 2455 1471 2545 sepulta

404 2580 528 2653 luisse.
557 2582 631 2652 Hoc
653 2585 792 2652 tantum
817 2590 910 2670 aegre
929 2579 1144 2670 accipimus,
1166 2587 1206 2652 ut
1221 2579 1344 2671 figlina
1359 2578 1469 2650 simu·

404 2704 521 2791 laora,
538 2711 710 2795 tanquam
729 2703 854 2776 fraude
874 2703 1036 2786 subdita,
1059 2704 1356 2776 inhumanorum
1381 2703 1467 2774 hos-

404 2826 535 2899 tiarum
555 2827 666 2900 vioem
687 2827 937 2899 successerint.
957 2816 1026 2898 ‘Cui
1041 2827 1234 2912 ¹sententia
1254 2826 1343 2917 quid
1366 2844 1470 2916 repu-

280 2933 284 2940 ’
405 2958 509 3042 gnet.
532 2951 765 3042 quantumin
784 2951 891 3022 nobis
912 2958 985 3034 est,
1008 2969 1241 3042 exponemus.

431 3090 433 3093 ·
454 3075 528 3147 Hoo
546 3073 701 3165 primum
722 3073 1002 3154 animadvertes,
1020 3073 1075 3145 vel
1090 3073 1128 3144 in
1146 3072 1295 3163 antiquo
1310 3079 1470 3164 tempore
1552 3159 1554 3162 y

403 3217 592 3290 nunquam
620 3198 864 3288 pervulgatum
889 3197 1001 3269 luisse
1025 3214 1182 3279 morem,
1205 3196 1267 3286 qui
1291 3198 1481 3268 humanasw

403 3322 564 3395 victimas
598 3322 755 3395 Manium
792 3321 955 3412 religioni
989 3321 1187 3393 devoveret.
1224 3320 1340 3421 Etiam
1373 3318 1470 3410 apud

404 3446 596 3518 Homerum
627 3451 765 3516 ooustat
795 3445 978 3535 plerisque
1010 3444 1200 3535 displioere
1231 3443 1337 3515 istius
1371 3441 1468 3515 modi

403 3568 590 3654 sacrificia,
608 3575 642 3641 et
657 3568 697 3640 lit
711 3569 977 3659 apertissimum
995 3574 1169 3658 quantum
1184 3574 1289 3658 poeta
1304 3573 1468 3640 cruentas

403 3692 573 3764 Patroolis
602 3693 792 3782 exsequias
820 3698 1002 3764 aversetur
1037 3688 1101 3785 (l).
1135 3691 1172 3762 Si
1199 3690 1345 3781 quidem
1372 3688 1469 3780 apud

403 3816 589 3908 Virgilium
609 3835 734 3907 rursus
759 3817 917 3888 exoritur
940 3816 1142 3890 miserrima
1164 3795 1382 3907 captivorum
1403 3831 1470 3887 eae-

433 4203 555 4272 (illitos,
570 4220 645 4268 xxm,
661 4206 705 4258 itt
723 4226 729 4256 ε
745 4225 757 4252 u
772 4208 839 4256 κακὰ
852 4204 879 4257 δὲ
891 4207 962 4272 φρεσὶ
977 4205 1067 4271 μήδετο
1080 4188 1150 4275 ἔργα.
1166 4224 1180 4253 a
1195 4204 1235 4257 Oi.
1248 4204 1296 4267 id„
1311 4214 1366 4268 xxl,
1378 4199 1467 4274 27-32.
