3270 5244
670 522 831 587 -38-

218 663 362 736 tribuas
383 686 391 734 :
418 661 536 753 sigilla
561 661 640 734 dioo
674 665 755 752 quaa
780 659 826 732 ad
854 659 1060 732 domestica
1084 659 1166 731 uita
1194 664 1284 730 usus

216 786 410 878 pertinent.
438 785 517 857 Non
542 784 650 876 igitur
675 783 780 855 nobis
807 800 850 854 ea
870 781 1009 854 videtur
1032 779 1173 873 opinio,
1202 799 1285 872 quae

217 910 263 983 ad
282 909 530 1000 explicandam
551 908 750 1000 sigillorum
769 907 974 980 varietatem
989 907 1116 999 prosit.

266 1034 367 1106 Alius
388 1033 534 1124 quidem
554 1033 691 1124 majora
710 1049 897 1123 aggressus
913 1037 967 1103 est
982 1036 1016 1103 ot
1033 1029 1285 1120 explanatione

216 1159 341 1241 utitur,
365 1176 446 1248 quae
465 1157 510 1230 ad
537 1158 641 1249 plura
667 1158 858 1229 simulacra
881 1155 1048 1247 pertinet.
1071 1155 1145 1226 Hoo
1161 1154 1285 1244 praei·

216 1302 286 1376 pue
318 1283 446 1356 babuit
467 1284 506 1354 in
533 1282 674 1365 animo,
705 1282 910 1373 frequentes
933 1298 1013 1352 esse
1038 1279 1186 1352 deorum
1207 1278 1287 1352 dea·

155 1415 161 1426 '
219 1425 343 1480 rumve
363 1408 562 1498 imagines,
585 1406 718 1496 quibus
745 1406 953 1497 adjungitur
976 1405 1165 1486 Amorum,
1186 1404 1287 1495 Saty·

217 1552 360 1613 rorum,
380 1532 596 1605 Baoohamm
616 1551 758 1623 agmen.
779 1532 857 1603 Non
880 1537 1000 1603 tamen
1022 1530 1096 1602 illis
1117 1547 1195 1601 eam
1215 1529 1285 1601 vim

217 1657 368 1742 oonlert,
395 1663 435 1729 ut
460 1655 647 1731 deiunotos
673 1662 860 1738 tueantur;
888 1654 969 1737 sed,
1000 1673 1092 1727 nova
1115 1655 1283 1737 moliens,

217 1779 315 1872 ipsos
335 1798 415 1853 esse
429 1779 615 1852 deiunotos
635 1779 803 1862 declarat,
826 1780 888 1870 qui
907 1779 1029 1851 divina
1048 1777 1166 1869 speoie
1185 1774 1285 1848 effin-

125 1976 128 1980 ,
218 1912 362 1997 guntur,
385 1911 556 1995 tanquam
577 1911 827 1995 postmortem
848 1903 899 1977 dii
919 1903 1128 1976 oonseorati.
1153 1903 1205 1973 lta
1222 1902 1285 1974 bo·

217 2030 334 2103 mines
357 2029 553 2120 Apollinis,
576 2030 756 2110 Heroulis,
779 2031 905 2102 Baoohi
923 2032 1181 2112 vioes‘tenenm
1203 2047 1284 2099 mu·

194 2153 321 2227 'lieres
348 2171 413 2244 pro
440 2153 595 2234 Venere,
619 2152 750 2236 Diana,
781 2154 938 2226 Fortuna
962 2153 1161 2234 habentur;
1184 2151 1286 2242 pueri

214 2277 285 2369 ipsi
303 2277 341 2350 in
362 2277 527 2350 lestirum
548 2276 718 2350 Amorum
739 2296 881 2369 gregem,
894 2277 1049 2351 evadunt
1071 2273 1136 2370 (l).

221 2419 224 2426 ·
264 2401 344 2474 Soio
364 2400 531 2490 equidem
552 2402 645 2473 bauo
664 2401 877 2474 sententiam
897 2401 993 2492 apud
1015 2399 1156 2472 Graeoos
1175 2399 1287 2472 luisse

217 2525 489 2616 perantiquam,
514 2533 556 2597 ut
573 2527 695 2599 Manes
718 2525 768 2597 dii
795 2525 1026 2608 haberentur,
1049 2543 1167 2615 nequa
1187 2523 1285 2597 dilti·

215 2655 293 2721 toor
315 2673 323 2721 :
347 2649 415 2721 boo
432 2656 573 2723 tantum
594 2650 733 2734 dubito,
755 2668 801 2721 an
821 2649 964 2722 liouerit
980 2648 1026 2722 ab
1046 2649 1184 2740 origine
1203 2648 1287 2720 illos

218 2791 298 2847 osse
325 2773 472 2852 iudutos
492 2774 606 2847 forma
628 2780 663 2847 et
687 2775 833 2847 nomine
860 2774 1008 2847 deorum
1034 2776 1096 2866 qui
1119 2773 1288 2846 diooban·

217 2903 276 2969 tur
296 2895 448 2987 Superi?
468 2896 571 2982 Quod
590 2898 897 2989 quidempostoa,
930 2918 1012 2971 oum
1030 2898 1127 2990 apud
1146 2898 1290 2977 Gnaeos

217 3025 293 3091 tum
313 3018 412 3109 apud
430 3021 622 3103 Romanos,
644 3021 684 3090 in
702 3039 807 3093 usum
828 3021 1017 3094 transiisse
1035 3027 1191 3102 constat,
1220 3039 1285 3093 ne·

218 3161 289 3234 que
320 3160 439 3234 operae
468 3144 625 3233 pretium
650 3151 704 3218 est
729 3164 1007 3224 commemorare
1037 3163 1144 3236 quam
1183 3144 1293 3221 multi·

218 3268 453 3360 imperatores
468 3274 577 3358 atque
595 3270 848 3361 imperatorum
876 3270 1014 3362 oognati
1034 3269 1144 3343 solita
1157 3287 1287 3343 oonsoa

96 3392 99 3398 ’
218 3391 376 3463 oratione
413 3391 451 3461 in
485 3392 573 3466 deos
605 3393 752 3484 repositi
789 3394 922 3466 luerint
960 3390 1023 3487 (i).
1056 3392 1288 3464 Proieruntur

220 3513 327 3586 etiam
355 3513 450 3586 tituli
470 3516 653 3607 lapidibus
678 3518 860 3609 inseripti,
890 3519 952 3608 qui
977 3516 1163 3592 deiunotos
1184 3516 1288 3590 valde

220 3636 397 3728 ignobiles
418 3638 539 3711 divino
561 3641 716 3730 quodam
737 3643 884 3715 nomine
903 3642 1088 3715 illustrent
1107 3638 1172 3736 (5).
1194 3640 1294 3726 Quid

251 3919 287 3982 (t)
301 3918 438 3980 Froebner,
454 3922 632 3971 Terras-coitus
648 3922 735 3973 d'Asie
748 3923 871 3984 litaturo,
886 3938 911 3986 p.
927 3922 966 3997 tl,
981 3922 1021 3983 lt,
1037 3923 1076 3971 55.

255 4008 289 4071 (l)
301 4007 342 4058 Oi.
359 4009 519 4073 Daremberg
533 4015 559 4059 et
578 4009 681 4074 Saglio,
699 4011 877 4062 Dictiooooira
891 4013 933 4063 dor
948 4012 1031 4076 datm.
1048 4025 1088 4075 or.
1103 4011 1287 4072 etromos'aos,

221 4097 315 4147 article
330 4098 485 4161 Apotheosis,
501 4113 526 4162 p.
544 4097 598 4147 323.

255 4186 289 4248 (3)
307 4185 447 4247 Froehuer‚
466 4202 493 4250 p.
509 4185 547 4236 41.
566 4185 605 4236 Oi.
620 4186 718 4250 Orelli,
737 4190 858 4254 inscript.
873 4189 966 4251 latim,
986 4196 1017 4239 n⁰
1031 4189 1101 4240 luat.
1118 4185 1287 4250 Wilr'uanns,

223 4273 346 4338 Exemplo
359 4274 478 4340 inscript.
494 4276 582 4334 totto,
598 4276 697 4328 netto.
712 4280 786 4342 Gutta·
802 4279 885 4338 iason
897 4278 983 4340 latim,
1000 4292 1037 4341 ιιι,
1052 4275 1148 4329 aarum.
1196 4293 1198 4295 ’
1222 4278 1226 4298 ²
1253 4327 1255 4330 ,
