<?xml version="1.0" encoding="UTF-8"?>
<!DOCTYPE html PUBLIC "-//W3C//DTD XHTML 1.0 Transitional//EN"
    "http://www.w3.org/TR/xhtml1/DTD/xhtml1-transitional.dtd">
<html xmlns="http://www.w3.org/1999/xhtml" xml:lang="en" lang="en">
 <head>
  <title>
</title>
<meta http-equiv="Content-Type" content="text/html;charset=utf-8" />
  <meta name='ocr-system' content='tesseract 3.04.00' />
  <meta name='ocr-capabilities' content='ocr_page ocr_carea ocr_par ocr_line ocrx_word'/>
</head>
<body>
  <div class='ocr_page' id='page_1' title='image "./quamobcausamgra00pottgoog_0133.png"; bbox 0 0 3246 5234; ppageno 0'>
   <div class='ocr_carea' id='block_1_1' title="bbox 692 515 870 576">
    <p class='ocr_par' dir='ltr' id='par_1_1' title="bbox 692 515 870 576">
     <span class='ocr_line' id='line_1_1' title="bbox 692 515 870 576; baseline 0.006 -1"><span class='ocrx_word' id='word_1_1' title='bbox 692 515 870 576; x_wconf 73' lang='lat'>-124-</span> 
     </span>
    </p>
   </div>
   <div class='ocr_carea' id='block_1_2' title="bbox 577 814 974 885">
    <p class='ocr_par' dir='ltr' id='par_1_2' title="bbox 577 814 974 885">
     <span class='ocr_line' id='line_1_2' title="bbox 577 814 974 885; baseline -0.005 -2"><span class='ocrx_word' id='word_1_2' title='bbox 577 814 687 884; x_wconf 85' lang='lat' dir='ltr'><strong>PARS</strong></span> <span class='ocrx_word' id='word_1_3' title='bbox 716 814 974 885; x_wconf 82' lang='lat' dir='ltr'><strong>POSTERIOR.</strong></span> 
     </span>
    </p>
   </div>
   <div class='ocr_carea' id='block_1_3' title="bbox 634 1023 987 1116">
    <p class='ocr_par' dir='ltr' id='par_1_3' title="bbox 634 1023 987 1116">
     <span class='ocr_line' id='line_1_3' title="bbox 634 1023 987 1116; baseline -0.003 -1"><span class='ocrx_word' id='word_1_4' title='bbox 634 1065 750 1115; x_wconf 85' lang='lat' dir='ltr'><strong>CAPUT</strong></span> <span class='ocrx_word' id='word_1_5' title='bbox 767 1064 918 1116; x_wconf 78' lang='lat' dir='ltr'><strong>PRIMUM.</strong></span> <span class='ocrx_word' id='word_1_6' title='bbox 985 1023 987 1031; x_wconf 42' lang='lat' dir='ltr'>r</span> 
     </span>
    </p>
   </div>
   <div class='ocr_carea' id='block_1_4' title="bbox 243 1180 1308 1244">
    <p class='ocr_par' dir='ltr' id='par_1_4' title="bbox 243 1180 1308 1244">
     <span class='ocr_line' id='line_1_4' title="bbox 243 1180 1308 1244; baseline -0.002 -13"><span class='ocrx_word' id='word_1_7' title='bbox 243 1180 313 1240; x_wconf 82' lang='lat' dir='ltr'><strong>Quid</strong></span> <span class='ocrx_word' id='word_1_8' title='bbox 333 1181 465 1230; x_wconf 80' lang='lat' dir='ltr'>senserint</span> <span class='ocrx_word' id='word_1_9' title='bbox 481 1182 581 1244; x_wconf 82' lang='lat' dir='ltr'><strong>antiqui</strong></span> <span class='ocrx_word' id='word_1_10' title='bbox 597 1181 740 1244; x_wconf 81' lang='lat' dir='ltr'>scriptores</span> <span class='ocrx_word' id='word_1_11' title='bbox 753 1181 786 1230; x_wconf 92' lang='lat' dir='ltr'>de</span> <span class='ocrx_word' id='word_1_12' title='bbox 800 1180 898 1243; x_wconf 82' lang='lat' dir='ltr'>figlinis</span> <span class='ocrx_word' id='word_1_13' title='bbox 913 1181 1009 1244; x_wconf 75' lang='lat' dir='ltr'>sigillis</span> <span class='ocrx_word' id='word_1_14' title='bbox 1014 1215 1226 1232; x_wconf 85' lang='grc'><strong>........</strong></span> <span class='ocrx_word' id='word_1_15' title='bbox 1277 1180 1308 1229; x_wconf 80' lang='lat'>45</span> 
     </span>
    </p>
   </div>
   <div class='ocr_carea' id='block_1_5' title="bbox 608 1322 942 1375">
    <p class='ocr_par' dir='ltr' id='par_1_5' title="bbox 608 1322 942 1375">
     <span class='ocr_line' id='line_1_5' title="bbox 608 1322 942 1375; baseline 0.003 -2"><span class='ocrx_word' id='word_1_16' title='bbox 608 1323 724 1374; x_wconf 80' lang='lat' dir='ltr'><strong>CAPUT</strong></span> <span class='ocrx_word' id='word_1_17' title='bbox 741 1322 942 1375; x_wconf 86' lang='lat' dir='ltr'>SECUNDUM.</span> 
     </span>
    </p>
   </div>
   <div class='ocr_carea' id='block_1_6' title="bbox 244 1441 1309 1509">
    <p class='ocr_par' dir='ltr' id='par_1_6' title="bbox 244 1441 1309 1509">
     <span class='ocr_line' id='line_1_6' title="bbox 244 1441 1309 1509; baseline 0 -19"><span class='ocrx_word' id='word_1_18' title='bbox 244 1441 313 1509; x_wconf 82' lang='lat' dir='ltr'>Quid</span> <span class='ocrx_word' id='word_1_19' title='bbox 329 1443 461 1492; x_wconf 76' lang='lat' dir='ltr'>senserint</span> <span class='ocrx_word' id='word_1_20' title='bbox 476 1443 578 1504; x_wconf 78' lang='lat' dir='ltr'>antiqui</span> <span class='ocrx_word' id='word_1_21' title='bbox 589 1444 733 1504; x_wconf 87' lang='lat' dir='ltr'>scriptores</span> <span class='ocrx_word' id='word_1_22' title='bbox 748 1443 781 1491; x_wconf 90' lang='lat' dir='ltr'>de</span> <span class='ocrx_word' id='word_1_23' title='bbox 795 1445 892 1493; x_wconf 87' lang='lat' dir='ltr'>ceteris</span> <span class='ocrx_word' id='word_1_24' title='bbox 906 1444 1002 1507; x_wconf 85' lang='lat' dir='ltr'>sigillis</span> <span class='ocrx_word' id='word_1_25' title='bbox 1007 1477 1226 1493; x_wconf 88' lang='grc'><strong>........</strong></span> <span class='ocrx_word' id='word_1_26' title='bbox 1279 1443 1309 1492; x_wconf 84' lang='grc'>55</span> 
     </span>
    </p>
   </div>
   <div class='ocr_carea' id='block_1_7' title="bbox 625 1584 926 1636">
    <p class='ocr_par' dir='ltr' id='par_1_7' title="bbox 625 1584 926 1636">
     <span class='ocr_line' id='line_1_7' title="bbox 625 1584 926 1636; baseline -0.003 0"><span class='ocrx_word' id='word_1_27' title='bbox 625 1584 741 1636; x_wconf 82' lang='lat' dir='ltr'><strong>CAPUT</strong></span> <span class='ocrx_word' id='word_1_28' title='bbox 757 1584 926 1636; x_wconf 82' lang='lat' dir='ltr'><strong>TERTIUM.</strong></span> 
     </span>
    </p>
   </div>
   <div class='ocr_carea' id='block_1_8' title="bbox 245 1694 1310 1769">
    <p class='ocr_par' dir='ltr' id='par_1_8' title="bbox 245 1694 1310 1769">
     <span class='ocr_line' id='line_1_8' title="bbox 245 1694 1310 1769; baseline 0 -16"><span class='ocrx_word' id='word_1_29' title='bbox 245 1702 314 1764; x_wconf 87' lang='lat' dir='ltr'>Quid</span> <span class='ocrx_word' id='word_1_30' title='bbox 330 1718 363 1754; x_wconf 84' lang='lat' dir='ltr'>ex</span> <span class='ocrx_word' id='word_1_31' title='bbox 377 1704 494 1767; x_wconf 82' lang='lat' dir='ltr'>antiquis</span> <span class='ocrx_word' id='word_1_32' title='bbox 506 1705 685 1754; x_wconf 87' lang='lat' dir='ltr'>monumentis</span> <span class='ocrx_word' id='word_1_33' title='bbox 698 1694 797 1754; x_wconf 74' lang='lat' dir='ltr'>de&#39;usu</span> <span class='ocrx_word' id='word_1_34' title='bbox 807 1704 957 1767; x_wconf 82' lang='lat' dir='ltr'>sigillorum</span> <span class='ocrx_word' id='word_1_35' title='bbox 971 1709 1136 1769; x_wconf 88' lang='lat' dir='ltr'>compertum</span> <span class='ocrx_word' id='word_1_36' title='bbox 1151 1705 1196 1754; x_wconf 89' lang='lat' dir='ltr'>sit.</span> <span class='ocrx_word' id='word_1_37' title='bbox 1221 1739 1227 1754; x_wconf 86' lang='lat'><em>.</em></span> <span class='ocrx_word' id='word_1_38' title='bbox 1278 1702 1310 1753; x_wconf 73' lang='grc'>61</span> 
     </span>
    </p>
   </div>
   <div class='ocr_carea' id='block_1_9' title="bbox 616 1846 934 1909">
    <p class='ocr_par' dir='ltr' id='par_1_9' title="bbox 616 1846 934 1909">
     <span class='ocr_line' id='line_1_9' title="bbox 616 1846 934 1909; baseline 0 -11"><span class='ocrx_word' id='word_1_39' title='bbox 616 1846 732 1898; x_wconf 82' lang='lat' dir='ltr'><strong>CAPUT</strong></span> <span class='ocrx_word' id='word_1_40' title='bbox 749 1847 934 1909; x_wconf 82' lang='lat' dir='ltr'>QUARTUM.</span> 
     </span>
    </p>
   </div>
   <div class='ocr_carea' id='block_1_10' title="bbox 160 1964 1232 2030">
    <p class='ocr_par' dir='ltr' id='par_1_10' title="bbox 160 1964 1232 2030">
     <span class='ocr_line' id='line_1_10' title="bbox 160 1964 1232 2030; baseline 0.004 -16"><span class='ocrx_word' id='word_1_41' title='bbox 160 1993 166 2005; x_wconf 88' lang='lat'><strong>·</strong></span> <span class='ocrx_word' id='word_1_42' title='bbox 245 1964 314 2026; x_wconf 87' lang='lat' dir='ltr'>Quid</span> <span class='ocrx_word' id='word_1_43' title='bbox 329 1966 440 2016; x_wconf 78' lang='lat' dir='ltr'>doceant</span> <span class='ocrx_word' id='word_1_44' title='bbox 463 1965 496 2015; x_wconf 89' lang='lat' dir='ltr'>de</span> <span class='ocrx_word' id='word_1_45' title='bbox 520 1966 615 2030; x_wconf 85' lang='lat' dir='ltr'>sigillis</span> <span class='ocrx_word' id='word_1_46' title='bbox 629 1965 813 2029; x_wconf 85' lang='lat' dir='ltr'>indagationes</span> <span class='ocrx_word' id='word_1_47' title='bbox 823 1965 856 2015; x_wconf 89' lang='lat' dir='ltr'>ad</span> <span class='ocrx_word' id='word_1_48' title='bbox 868 1966 1015 2017; x_wconf 78' lang='lat' dir='ltr'>effodienda</span> <span class='ocrx_word' id='word_1_49' title='bbox 1026 1968 1135 2030; x_wconf 88' lang='lat' dir='ltr'>antiqua</span> <span class='ocrx_word' id='word_1_50' title='bbox 1142 1981 1232 2018; x_wconf 89' lang='lat' dir='ltr'>monu-</span> 
     </span>
    </p>
   </div>
   <div class='ocr_carea' id='block_1_11' title="bbox 276 2057 1310 2108">
    <p class='ocr_par' dir='ltr' id='par_1_11' title="bbox 276 2057 1310 2108">
     <span class='ocr_line' id='line_1_11' title="bbox 276 2057 1310 2108; baseline 0.004 -4"><span class='ocrx_word' id='word_1_51' title='bbox 276 2061 364 2104; x_wconf 88' lang='lat' dir='ltr'>menta</span> <span class='ocrx_word' id='word_1_52' title='bbox 378 2057 507 2107; x_wconf 75' lang='lat' dir='ltr'>conlectae</span> <span class='ocrx_word' id='word_1_53' title='bbox 512 2089 1226 2108; x_wconf 82' lang='grc'><strong>........................</strong></span> <span class='ocrx_word' id='word_1_54' title='bbox 1278 2057 1310 2108; x_wconf 77' lang='lat'>67</span> 
     </span>
    </p>
   </div>
   <div class='ocr_carea' id='block_1_12' title="bbox 623 2197 929 2260">
    <p class='ocr_par' dir='ltr' id='par_1_12' title="bbox 623 2197 929 2260">
     <span class='ocr_line' id='line_1_12' title="bbox 623 2197 929 2260; baseline -0.007 -11"><span class='ocrx_word' id='word_1_55' title='bbox 623 2197 740 2249; x_wconf 80' lang='lat' dir='ltr'><strong>CAPUT</strong></span> <span class='ocrx_word' id='word_1_56' title='bbox 757 2197 929 2260; x_wconf 84' lang='lat' dir='ltr'><strong>QUINTUM.</strong></span> 
     </span>
    </p>
   </div>
   <div class='ocr_carea' id='block_1_13' title="bbox 245 2315 1310 2382">
    <p class='ocr_par' dir='ltr' id='par_1_13' title="bbox 245 2315 1310 2382">
     <span class='ocr_line' id='line_1_13' title="bbox 245 2315 1310 2382; baseline 0.004 -16"><span class='ocrx_word' id='word_1_57' title='bbox 245 2315 315 2378; x_wconf 83' lang='lat' dir='ltr'>Quid</span> <span class='ocrx_word' id='word_1_58' title='bbox 329 2317 441 2368; x_wconf 85' lang='lat' dir='ltr'>doceant</span> <span class='ocrx_word' id='word_1_59' title='bbox 453 2319 511 2382; x_wconf 88' lang='lat' dir='ltr'>ipsa</span> <span class='ocrx_word' id='word_1_60' title='bbox 524 2318 612 2381; x_wconf 80' lang='lat' dir='ltr'>sigilla</span> <span class='ocrx_word' id='word_1_61' title='bbox 626 2332 640 2368; x_wconf 87' lang='lat' dir='ltr'>e</span> <span class='ocrx_word' id='word_1_62' title='bbox 652 2317 782 2382; x_wconf 86' lang='lat' dir='ltr'>sepulcris</span> <span class='ocrx_word' id='word_1_63' title='bbox 798 2319 903 2368; x_wconf 79' lang='lat' dir='ltr'>effossa.</span> <span class='ocrx_word' id='word_1_64' title='bbox 937 2354 1101 2370; x_wconf 91' lang='grc'><strong>......</strong></span> <span class='ocrx_word' id='word_1_65' title='bbox 1119 2349 1133 2371; x_wconf 85' lang='grc'>-.</span> <span class='ocrx_word' id='word_1_66' title='bbox 1157 2356 1165 2371; x_wconf 94' lang='grc'><strong>.</strong></span> <span class='ocrx_word' id='word_1_67' title='bbox 1189 2355 1196 2371; x_wconf 94' lang='grc'><strong>.</strong></span> <span class='ocrx_word' id='word_1_68' title='bbox 1220 2354 1227 2371; x_wconf 89' lang='grc'><strong>.</strong></span> <span class='ocrx_word' id='word_1_69' title='bbox 1278 2319 1310 2377; x_wconf 77' lang='lat' dir='ltr'>‘lo</span> 
     </span>
    </p>
   </div>
   <div class='ocr_carea' id='block_1_14' title="bbox 634 2454 919 2512">
    <p class='ocr_par' dir='ltr' id='par_1_14' title="bbox 634 2454 919 2512">
     <span class='ocr_line' id='line_1_14' title="bbox 634 2454 919 2512; baseline 0 -1"><span class='ocrx_word' id='word_1_70' title='bbox 634 2460 751 2512; x_wconf 87' lang='lat' dir='ltr'><strong>CAPUT</strong></span> <span class='ocrx_word' id='word_1_71' title='bbox 767 2454 919 2512; x_wconf 80' lang='lat' dir='ltr'><strong>SE&#39;XTUM.</strong></span> 
     </span>
    </p>
   </div>
   <div class='ocr_carea' id='block_1_15' title="bbox 246 2548 1308 2662">
    <p class='ocr_par' dir='ltr' id='par_1_15' title="bbox 246 2548 1308 2662">
     <span class='ocr_line' id='line_1_15' title="bbox 246 2548 1308 2662; baseline 0.005 -35"><span class='ocrx_word' id='word_1_72' title='bbox 246 2577 389 2662; x_wconf 75' lang='lat' dir='ltr'>Quousque</span> <span class='ocrx_word' id='word_1_73' title='bbox 402 2579 539 2631; x_wconf 80' lang='lat' dir='ltr'>funebrem</span> <span class='ocrx_word' id='word_1_74' title='bbox 554 2594 663 2632; x_wconf 85' lang='lat' dir='ltr'>sensum</span> <span class='ocrx_word' id='word_1_75' title='bbox 676 2581 704 2630; x_wconf 88' lang='lat' dir='ltr'>in</span> <span class='ocrx_word' id='word_1_76' title='bbox 717 2580 816 2644; x_wconf 79' lang='lat' dir='ltr'>figlinis</span> <span class='ocrx_word' id='word_1_77' title='bbox 830 2581 926 2646; x_wconf 80' lang='lat' dir='ltr'>sigillis</span> <span class='ocrx_word' id='word_1_78' title='bbox 936 2595 1056 2646; x_wconf 81' lang='lat' dir='ltr'>quoerere</span> <span class='ocrx_word' id='word_1_79' title='bbox 1069 2548 1178 2648; x_wconf 73' lang='lat' dir='ltr'>aequum</span> <span class='ocrx_word' id='word_1_80' title='bbox 1186 2585 1228 2635; x_wconf 90' lang='lat' dir='ltr'>sit.</span> <span class='ocrx_word' id='word_1_81' title='bbox 1277 2583 1308 2634; x_wconf 84' lang='grc'>87</span> 
     </span>
    </p>
   </div>
   <div class='ocr_carea' id='block_1_16' title="bbox 612 2720 935 2774">
    <p class='ocr_par' dir='ltr' id='par_1_16' title="bbox 612 2720 935 2774">
     <span class='ocr_line' id='line_1_16' title="bbox 612 2720 935 2774; baseline 0.006 -2"><span class='ocrx_word' id='word_1_82' title='bbox 612 2720 728 2773; x_wconf 88' lang='lat' dir='ltr'><strong>CAPUT</strong></span> <span class='ocrx_word' id='word_1_83' title='bbox 745 2721 935 2774; x_wconf 80' lang='lat' dir='ltr'><strong>SEPTIMUM.</strong></span> 
     </span>
    </p>
   </div>
   <div class='ocr_carea' id='block_1_17' title="bbox 246 2836 1306 2905">
    <p class='ocr_par' dir='ltr' id='par_1_17' title="bbox 246 2836 1306 2905">
     <span class='ocr_line' id='line_1_17' title="bbox 246 2836 1306 2905; baseline 0.003 -19"><span class='ocrx_word' id='word_1_84' title='bbox 246 2836 311 2898; x_wconf 84' lang='lat' dir='ltr'>Quae</span> <span class='ocrx_word' id='word_1_85' title='bbox 325 2838 418 2902; x_wconf 76' lang='lat' dir='ltr'>religio</span> <span class='ocrx_word' id='word_1_86' title='bbox 431 2837 539 2889; x_wconf 80' lang='lat' dir='ltr'>Grrecos</span> <span class='ocrx_word' id='word_1_87' title='bbox 553 2841 666 2896; x_wconf 83' lang='lat' dir='ltr'>suaserit</span> <span class='ocrx_word' id='word_1_88' title='bbox 683 2847 712 2889; x_wconf 88' lang='lat' dir='ltr'>nt</span> <span class='ocrx_word' id='word_1_89' title='bbox 724 2840 864 2890; x_wconf 80' lang='lat' dir='ltr'>defunctos</span> <span class='ocrx_word' id='word_1_90' title='bbox 876 2842 971 2905; x_wconf 81' lang='lat' dir='ltr'>sigillis</span> <span class='ocrx_word' id='word_1_91' title='bbox 986 2845 1129 2894; x_wconf 87' lang='lat' dir='ltr'>colerent..</span> <span class='ocrx_word' id='word_1_92' title='bbox 1155 2876 1161 2890; x_wconf 87' lang='lat'><em>.</em></span> <span class='ocrx_word' id='word_1_93' title='bbox 1187 2879 1194 2894; x_wconf 93' lang='lat'><strong>.</strong></span> <span class='ocrx_word' id='word_1_94' title='bbox 1219 2878 1225 2892; x_wconf 93' lang='lat'>.</span> <span class='ocrx_word' id='word_1_95' title='bbox 1276 2841 1306 2890; x_wconf 84' lang='grc'>93</span> 
     </span>
    </p>
   </div>
   <div class='ocr_carea' id='block_1_18' title="bbox 245 2981 1309 3155">
    <p class='ocr_par' dir='ltr' id='par_1_18' title="bbox 245 2981 1309 3155">
     <span class='ocr_line' id='line_1_18' title="bbox 621 2981 935 3036; baseline 0.003 -2"><span class='ocrx_word' id='word_1_96' title='bbox 621 2982 739 3034; x_wconf 84' lang='lat' dir='ltr'><strong>CAPUT</strong></span> <span class='ocrx_word' id='word_1_97' title='bbox 756 2981 935 3036; x_wconf 79' lang='lat' dir='ltr'><strong>OCTAVUM.</strong></span> 
     </span>
     <span class='ocr_line' id='line_1_19' title="bbox 245 3094 1309 3155; baseline 0.006 -8"><span class='ocrx_word' id='word_1_98' title='bbox 245 3094 386 3149; x_wconf 88' lang='lat' dir='ltr'>Conclusio</span> <span class='ocrx_word' id='word_1_99' title='bbox 388 3133 1228 3155; x_wconf 88' lang='grc'><strong>............................</strong></span> <span class='ocrx_word' id='word_1_100' title='bbox 1265 3100 1309 3153; x_wconf 74' lang='lat' dir='ltr'>llll</span> 
     </span>
    </p>
   </div>
   <div class='ocr_carea' id='block_1_19' title="bbox 245 3323 1309 3378">
    <p class='ocr_par' dir='ltr' id='par_1_19' title="bbox 245 3323 1309 3378">
     <span class='ocr_line' id='line_1_20' title="bbox 245 3323 1309 3378; baseline 0 -4"><span class='ocrx_word' id='word_1_101' title='bbox 245 3323 381 3375; x_wconf 62' lang='lat' dir='ltr'>Mannum</span> <span class='ocrx_word' id='word_1_102' title='bbox 386 3359 1228 3378; x_wconf 85' lang='grc'><strong>............................</strong></span> <span class='ocrx_word' id='word_1_103' title='bbox 1265 3323 1309 3375; x_wconf 88' lang='grc'>107</span> 
     </span>
    </p>
   </div>
   <div class='ocr_carea' id='block_1_20' title="bbox 1015 3508 1020 3544">
    <p class='ocr_par' dir='ltr' id='par_1_20' title="bbox 1015 3508 1020 3544">
     <span class='ocr_line' id='line_1_21' title="bbox 1015 3508 1020 3544; baseline 0 0"><span class='ocrx_word' id='word_1_104' title='bbox 1015 3508 1020 3544; x_wconf 83' lang='lat' dir='ltr'>l</span> 
     </span>
    </p>
   </div>
   <div class='ocr_carea' id='block_1_21' title="bbox 686 3823 874 3894">
    <p class='ocr_par' dir='ltr' id='par_1_21' title="bbox 686 3823 874 3894">
     <span class='ocr_line' id='line_1_22' title="bbox 686 3823 874 3894; baseline 0 0"><span class='ocrx_word' id='word_1_105' title='bbox 686 3823 874 3894; x_wconf 85' lang='lat' dir='ltr'><strong>TABULA.</strong></span> 
     </span>
    </p>
   </div>
   <div class='ocr_carea' id='block_1_22' title="bbox 247 4073 1047 4145">
    <p class='ocr_par' dir='ltr' id='par_1_22' title="bbox 247 4073 1047 4145">
     <span class='ocr_line' id='line_1_23' title="bbox 247 4073 1047 4145; baseline 0.009 -23"><span class='ocrx_word' id='word_1_106' title='bbox 247 4073 349 4139; x_wconf 75' lang='lat' dir='ltr'>Figlina</span> <span class='ocrx_word' id='word_1_107' title='bbox 362 4075 450 4139; x_wconf 80' lang='lat' dir='ltr'>sigilla</span> <span class='ocrx_word' id='word_1_108' title='bbox 464 4077 491 4125; x_wconf 92' lang='lat' dir='ltr'>in</span> <span class='ocrx_word' id='word_1_109' title='bbox 506 4074 654 4140; x_wconf 86' lang='lat' dir='ltr'>Myriuensi</span> <span class='ocrx_word' id='word_1_110' title='bbox 668 4078 784 4141; x_wconf 89' lang='lat' dir='ltr'>quodam</span> <span class='ocrx_word' id='word_1_111' title='bbox 797 4080 921 4143; x_wconf 87' lang='lat' dir='ltr'>sepulcro</span> <span class='ocrx_word' id='word_1_112' title='bbox 933 4083 1047 4145; x_wconf 83' lang='lat' dir='ltr'>reperta.</span> 
     </span>
    </p>
   </div>
   <div class='ocr_carea' id='block_1_23' title="bbox 0 0 1630 5234">
    <p class='ocr_par' dir='ltr' id='par_1_23' title="bbox 0 0 1630 5234">
     <span class='ocr_line' id='line_1_24' title="bbox 0 0 1630 5234; baseline 0 0"><span class='ocrx_word' id='word_1_113' title='bbox 0 0 1630 5234; x_wconf 95' lang='lat' dir='ltr'> </span> 
     </span>
    </p>
   </div>
  </div>
 </body>
</html>
