3270 5244
805 532 943 594 ..8-

343 672 542 754 trionibus,
570 673 633 762 qui
663 670 861 762 praesertim
889 671 927 742 in
956 670 1087 741 Greeeis
1114 669 1209 742 lisiae
1234 670 1407 760 sepulcris

342 797 588 889 reperiuntur,
618 793 784 886 expedite
808 794 939 866 dieitur
963 794 1085 865 omnia
1113 793 1191 866 haee
1216 793 1407 866 simulacra

344 921 448 1012 quasi
460 920 612 992 remites
627 925 662 992 et
676 917 862 990 ministros
879 917 1014 990 Baeeho
1029 918 1164 990 haerere
1183 913 1230 1011 (l)
1246 940 1255 1000 ;
1273 917 1304 990 si
1320 917 1408 1008 quid

326 1044 389 1137 ,de
409 1043 622 1116 mulieribus
641 1041 792 1134 eomptis
812 1048 847 1114 et
867 1041 1007 1125 locetis,
1030 1059 1183 1132 quarum
1203 1041 1327 1115 [estiva
1345 1059 1405 1114 eo·

343 1162 429 1241 hors
449 1186 468 1241 e
489 1165 634 1240 Boeotiae
656 1166 806 1238 tumulis
827 1166 956 1248 evasit,
979 1164 1113 1238 eaedem
1133 1167 1315 1240 Musarum
1334 1165 1409 1241 sive

345 1289 561 1364 Baeeharum
589 1289 736 1361 nomine
754 1294 1008 1361 eonseerantur
1033 1286 1098 1383 (il.
1128 1288 1172 1362 At
1196 1289 1314 1373 enim,
1337 1308 1408 1380 quo

257 1450 262 1462 ·
343 1412 519 1486 modoad
545 1412 752 1503 religionem
777 1413 930 1484 attinent
953 1418 1078 1485 ennete
1101 1412 1163 1485 illa
1186 1431 1267 1502 quae
1286 1413 1409 1504 pueris

345 1534 541 1627 crepundia
557 1535 724 1607 videntur
738 1535 928 1618 febriente,
947 1552 1012 1628 seu
1028 1535 1177 1608 mobilia
1192 1534 1312 1608 nervis
1326 1536 1410 1608 alie

344 1659 403 1731 nis
423 1658 540 1750 sigilla
563 1654 632 1753 (5),
655 1676 719 1730 sou
738 1658 910 1731 animalia
929 1659 1075 1731 ealeulis
1091 1658 1218 1731 inditis
1238 1676 1409 1732 resonan-

345 1783 395 1856 iia
418 1779 483 1877 (l),
501 1801 566 1855 seu
585 1801 700 1873 equus
720 1782 854 1874 figlinis
873 1782 1001 1855 rotulis
1017 1784 1249 1856 eireumaetus
1271 1780 1347 1878 (idi
1362 1824 1410 1837 -

348 1905 455 1992 Quid,
477 1906 545 1989 ais,
567 1906 688 1998 pueris
709 1904 928 1998 crepundia?
948 1908 1082 1978 Forsan
1101 1907 1206 1998 vulgo
1225 1907 1275 1979 ita
1294 1925 1333 1981 se
1352 1926 1409 1981 res

345 2029 466 2103 habel.
488 2030 619 2103 Verum
645 2029 788 2122 ingenio
816 2035 1013 2122 mystarum
1033 2030 1118 2104 villa
1138 2049 1291 2123 quaeque
1316 2031 1408 2106 dlvi·
1467 2019 1470 2026 ’

345 2172 434 2226 num
455 2153 647 2244 quemdam
667 2153 990 2245 sensumhabent,
1012 2172 1079 2227 neo
1098 2155 1290 2246 quiequam
1310 2155 1409 2228 aliud

350 2279 554 2372 significant
566 2279 638 2353 illae
653 2298 735 2370 quae
749 2279 918 2353 dieunlur
931 2282 1196 2373 planguneulee,
1209 2281 1282 2353 nisi
1295 2287 1409 2354 toturn

350 2423 470 2477 rerum
490 2406 730 2477 humanamm
755 2423 845 2496 opus
870 2405 967 2497 quod
994 2405 1105 2478 deelit
1131 2411 1165 2478 et
1192 2406 1301 2498 regit,
1328 2413 1408 2478 lan-

349 2548 457 2619 quam
478 2530 615 2612 nervis,
638 2547 780 2600 summa
798 2530 964 2602 Numinis
983 2529 1176 2620 prudentia
1199 2525 1246 2623 (6)
1263 2528 1270 2600 !
1294 2530 1408 2616 Quid,

347 2652 524 2742 porcellus
556 2659 617 2724 aut
645 2669 760 2743 equus
793 2651 984 2725 infantium
1014 2651 1244 2725 oblectationi
1270 2651 1410 2725 dediti?

348 2773 445 2846 Nihil
473 2773 591 2857 aliud,
613 2773 685 2845 nisi
713 2776 887 2866 imagines
918 2781 1003 2847 sunt
1029 2775 1230 2865 animorum
1258 2775 1297 2845 in
1320 2774 1409 2847 alias

348 2902 456 2987 atque
478 2896 568 2968 alias
588 2896 721 2968 formas
744 2897 1029 2980 transeuntium,
1051 2898 1114 2987 qui
1134 2895 1215 2968 vitae
1241 2898 1409 2969 humanae

348 3018 506 3093 uitiiset
538 3019 732 3092 seeleribus
762 3020 995 3111 praegravati,
1031 3018 1101 3092 diis
1129 3019 1408 3105 damnantibus,

348 3143 386 3216 in
418 3143 559 3235 impura
580 3141 777 3215 bestiarum
804 3160 951 3234 eorpora
986 3143 1196 3235 rediguntur
1230 3141 1303 3238 (7)(
1338 3145 1411 3216 Hae

347 3273 470 3357 aperta
487 3266 534 3338 ad
553 3264 873 3339 demonstrandum
893 3264 970 3349 via,
992 3265 1037 3338 de
1057 3264 1182 3338 eeteris
1206 3284 1281 3338 uon
1304 3265 1406 3338 labo-

347 3407 482 3462 ramus.
505 3390 543 3462 Si
562 3389 753 3481 puerulum
768 3389 907 3462 videbis
922 3390 1042 3462 laseiis
1062 3389 1277 3473 involutum,
1296 3391 1408 3462 solem

380 3668 412 3731 (1)
431 3668 555 3731 Biardot‚
571 3685 598 3734 p.
617 3667 736 3730 lor-lot,
755 3668 807 3720 let.

379 3757 412 3821 (i)
431 3759 481 3818 ld..
496 3773 521 3822 p.
540 3757 596 3819 lli,
610 3757 672 3820 285,
687 3757 742 3809 286.

379 3848 411 3910 (3)
430 3845 540 3909 Martha,
560 3847 698 3912 Cotelopae
713 3850 755 3899 des
770 3849 891 3912 operares
910 3863 943 3900 en
959 3851 1103 3901 terre-suile
1116 3849 1152 3898 de
1170 3850 1251 3899 llasee
1268 3849 1298 3898 de
1317 3847 1343 3899 le
1361 3849 1410 3898 So·

345 3934 407 3987 ried
417 3935 609 4002 orellolopiqee
620 3937 762 3999 e'ltetoes,
778 3953 804 4002 p.
819 3951 884 4001 xxu,
899 3946 937 3988 n⁰¹
951 3937 1071 4000 etl-etl,
1086 3936 1208 4000 eet-698,
1221 3937 1336 3989 ree-805.

378 4025 411 4089 (l)
428 4026 477 4083 ld..
491 4033 530 4076 nl·
546 4026 598 4087 168,
614 4025 667 4089 lle,
687 4026 740 4088 lli,
759 4026 814 4078 ill.

378 4114 411 4180 (5)
428 4115 478 4177 ld..
492 4130 519 4181 p.
537 4128 611 4178 xxvi,
626 4125 656 4166 n·
671 4116 710 4168 85.

378 4205 411 4270 (6)
429 4204 547 4268 Biardot‚
562 4221 589 4272 p.
604 4204 657 4263 lte.
675 4203 715 4257 Of.
732 4207 850 4271 append.
866 4205 911 4270 (i).

379 4293 411 4358 (7)
430 4294 484 4356 ld.,
497 4309 524 4360 p.
542 4292 602 4354 14³,
619 4293 672 4348 160.
688 4291 728 4346 Ol.
743 4294 861 4358 Appeod.
876 4292 919 4358 (3).
