3270 5244
836 507 996 568 -54..

320 666 325 673 ’
385 642 516 715 elarius
536 648 742 734 appareret,
764 661 837 713 uon
857 643 964 715 modo
982 644 1032 716 de
1056 642 1184 735 sigillis
1203 662 1277 715 non
1297 647 1451 720 tacuisse

384 773 546 839 auctores
567 766 754 857 antiquos,
781 766 845 836 sed
866 773 961 837 terta
979 766 1145 858 quaedam
1169 773 1204 840 et
1229 768 1386 841 dilucida
1405 770 1451 844 de

385 908 507 963 eorum
538 909 605 962 usu
630 896 663 962 et
692 888 901 961 oommeroio
928 888 1163 981 significasse.
1194 891 1317 965 Cetera
1343 892 1451 984 igitur

385 1016 638 1107 relinquimus.
678 1016 752 1088 llos
793 1022 932 1088 tantum
974 1017 1194 1101 retinemus,
1235 1037 1307 1109 quo
1343 1019 1451 1092 modo

386 1140 496 1213 Graeoi
516 1158 590 1211 rem
611 1138 770 1230 figlinam
790 1138 836 1211 ad
861 1158 949 1210 usus
969 1140 1234 1213 diversissimos
1254 1159 1451 1214 accommo-

385 1261 568 1346 daverint,
590 1261 636 1334 ad
660 1237 822 1333 ornanda
843 1261 990 1335 deorum
1009 1263 1159 1335 delubra
1178 1270 1213 1336 et
1232 1265 1450 1355 privatorum

386 1393 496 1471 tecta,
519 1387 564 1459 ad
584 1387 752 1459 colendos
773 1386 858 1459 deos
881 1394 989 1478 atque
1009 1389 1134 1470 Lares,
1156 1387 1202 1460 ad
1222 1387 1451 1462 delectandos

385 1529 515 1604 pueros
531 1518 564 1584 et
579 1493 754 1603 virgines}
773 1529 844 1603 quo
861 1511 968 1584 modo
988 1531 1064 1585 eam
1081 1512 1267 1584 informas
1284 1511 1451 1585 dirersis-

387 1636 497 1708 simas
520 1636 705 1719 duxerint,
728 1635 766 1706 in
787 1635 926 1707 divinas
946 1636 1140 1728 imagines,
1161 1637 1339 1708 humanas
1358 1635 1449 1729 figu-

387 1779 444 1832 ras
465 1761 689 1850 comitesque
712 1778 906 1851 personas,
933 1767 1040 1851 atque
1064 1761 1171 1833 etiam
1190 1760 1361 1832 animalia
1383 1757 1449 1854 (l).

387 1888 561 1959 Praeterea
593 1884 853 1958 animadvertes
883 1884 1042 1975 qualibet
1067 1882 1222 1957 'materia
1253 1903 1339 1956 usos
1373 1902 1452 1957 esse

387 2010 527 2082 fictores
547 2009 594 2079 ad
613 2007 834 2080 conficienda
849 2008 986 2111 sigilla,
1004 2026 1078 2080 non
1098 2007 1204 2080 modo
1217 2007 1365 2099 argilla,
1388 2008 1453 2081 sed

387 2152 466 2205 oera
491 2140 525 2204 et
546 2152 657 2225 gypso
681 2131 745 2228 (l).
773 2132 861 2206 lnde
887 2132 1050 2223 sequitur
1068 2141 1127 2216 ut,
1151 2152 1232 2223 quae
1252 2132 1358 2205 uobis
1377 2138 1450 2204 tra·

388 2256 461 2330 dita
486 2264 571 2329 suut
598 2258 642 2329 de
668 2256 793 2330 ceteris
818 2258 991 2347 cujusque
1015 2257 1172 2329 materiae
1192 2256 1345 2347 sigillis,
1367 2273 1451 2327 nos-

386 2390 450 2455 trae
480 2382 714 2473 disputationi
742 2382 938 2472 plurimum
969 2382 1140 2472 prodesse
1165 2381 1306 2471 possint
1332 2403 1340 2449 :
1371 2397 1452 2470 quae

386 2506 552 2597 quidem,
578 2508 660 2579 lieet
685 2507 871 2578 materiae
890 2506 1023 2596 figlinis
1049 2505 1260 2587 dissimilia,
1282 2503 1395 2576 torma
1415 2510 1452 2577 et

387 2648 457 2701 usu
476 2631 625 2702 minime
645 2629 830 2702 differunt.

408 2886 450 2950 ll)
466 2885 524 2935 Hoc
538 2898 640 2948 quoque
658 2884 844 2934 animadvertit
858 2884 981 2947 Heuzey‚
995 2885 1152 2935 Monuments
1166 2897 1249 2946 prees,
1268 2882 1344 2944 ists,
1359 2898 1385 2947 p.
1404 2881 1450 2938 18,

386 2975 473 3025 notel
492 2994 496 3021 ι
515 2993 527 3018 «
543 2975 564 3023 ll
579 2987 612 3023 ne
627 2975 683 3022 saut
696 2988 743 3036 pas
757 2974 862 3024 roduire
882 2974 1030 3024 l’industrie
1049 2974 1095 3023 des
1112 2975 1274 3037 ceroplastas
1292 2987 1345 3023 aux
1360 2973 1451 3038 κόραι,

387 3063 503 3127 poupees
517 3064 657 3113 articulees
670 3065 715 3126 qui
730 3066 863 3114 servaient
876 3065 908 3113 ds
923 3066 1009 3125 jouets
1023 3078 1076 3112 aux
1090 3064 1203 3113 enfants.
1220 3062 1452 3127 L'Etgmolopieum

387 3156 508 3216 Magnum
521 3155 555 3216 (p.
566 3152 621 3211 530,
637 3153 674 3216 ll)
687 3168 755 3203 nous
766 3155 862 3204 evertit
876 3154 954 3217 qu'ils
967 3153 1127 3203 modelaient
1142 3157 1228 3203 toules
1242 3156 1326 3203 sortes
1340 3153 1373 3202 de
1386 3151 1452 3216 flgu·
1511 3208 1519 3220 ¹

386 3257 456 3297 res...
472 3245 493 3293 ll
508 3246 548 3291 est
562 3255 620 3291 rare
634 3256 684 3305 que
699 3245 737 3292 les
751 3257 826 3292 noms
841 3242 907 3292 d'art
921 3247 946 3292 et
964 3242 996 3291 de
1011 3242 1105 3292 metier
1121 3246 1221 3292 restent
1237 3241 1304 3291 dans
1318 3243 1357 3292 les
1373 3240 1452 3290 limi·

387 3337 426 3383 tes
440 3332 472 3382 de
486 3334 542 3382 leur
557 3333 732 3395 etymologie3
746 3345 883 3394 eomparez
899 3333 922 3381 le
937 3334 992 3380 mot
1007 3332 1139 3397 ζωγράφος.
1155 3349 1167 3375 »

419 3421 452 3485 (2)
467 3419 529 3470 vid.
545 3434 613 3483 sup,
629 3434 655 3483 p.
670 3418 701 3468 le
715 3418 758 3483 (2).
