3270 5244
842 576 887 619 -*
903 572 939 633 56
962 603 1000 618 ..

316 683 322 696 ’
379 712 595 794 traduntur,
610 713 680 783 alia
694 713 897 799 bominum,
911 711 981 782 alia
994 709 1151 802 denique
1163 709 1372 782 animalium
1388 704 1452 802 (l).

392 838 497 930 npun
516 836 710 908 Diodorum
738 837 896 908 Siculum
923 836 1075 927 legimus
1101 836 1148 906 ad
1174 834 1362 924 exsequias
1384 833 1453 904 He-

391 960 604 1053 phaestionis
633 977 813 1050 quemque
844 959 969 1031 ducem
997 964 1059 1029 aut
1084 957 1277 1029 Alexandri
1302 956 1455 1029 amicum

391 1084 637 1175 imagunculas
658 1101 704 1153 cx¹
726 1101 813 1153 auro
838 1088 871 1154 et
892 1082 998 1154 ebore
1025 1080 1220 1153 contulisse
1242 1075 1289 1173 (b)
1317 1103 1325 1151 :
1348 1097 1456 1170 quarn

392 1206 632 1296 exprimerent
652 1189 820 1288 formam,
843 1205 930 1295 quid
955 1204 1214 1296 significarent,
1237 1202 1334 1275 band
1357 1221 1454 1275 com·

392 1335 532 1421 portum
553 1336 627 1412 est,
649 1318 712 1402 sed
727 1330 962 1419 sequentibus
984 1328 1100 1401 verbis
1121 1328 1161 1400 ut
1179 1334 1363 1419 apertum,
1380 1345 1457 1399 eas·

393 1454 473 1528 dem
489 1454 534 1526 ad
545 1449 745 1527 ornandum
763 1455 943 1545 ingentem
958 1454 1154 1527 etaedificio
1166 1453 1320 1524 similem
1333 1471 1455 1543 rogum
1512 1428 1515 1433 ⁵

391 1585 582 1669 usurpatas
610 1577 733 1650 luisse.
765 1577 868 1663 Quod
899 1577 1044 1667 quidem
1075 1577 1320 1650 testimonium
1354 1576 1457 1667 quasi

393 1704 538 1775 unicum
557 1704 752 1774 retinemus
773 1701 817 1773 de
833 1701 960 1790 sigillis
975 1700 1013 1771 in
1034 1701 1206 1771 bonorem
1223 1699 1381 1772 defuncti
1399 1718 1457 1771 cu-

389 1825 533 1916 jusdam
563 1825 744 1897 eonlectis.
774 1825 802 1895 A
832 1825 953 1895 Flacco
978 1823 1135 1913 denique
1162 1823 1315 1894 traditur
1342 1822 1458 1914 sigilla

393 1945 789 2039 quaedam'Tyrrbena,
812 1948 945 2018 scilicet
972 1966 1015 2020 ex
1039 1965 1109 2018 aere
1135 1945 1234 2029 ficta,
1256 1946 1295 2015 in
1318 1944 1457 2019 aedibus

392 2073 539 2164 privatis
563 2072 681 2143 locum
704 2071 877 2143 babuisse
901 2089 980 2142 cum
1003 2072 1174 2162 gemmis,
1198 2069 1455 2156 marmoribus,

391 2194 533 2298 tabellis
546 2202 581 2268 et
595 2195 721 2268 ceteris
738 2195 972 2276 ornamentis,
992 2212 1073 2284 quae
1088 2193 1264 2266 vestibula
1281 2200 1314 2265 et
1329 2192 1457 2265 domus

391 2321 588 2413 penetralia
608 2318 704 2411 apud
723 2322 901 2391 Romanos
923 2318 1139 2391 decorabant
1161 2314 1208 2411 (5)
1235 2341 1243 2388 :
1266 2315 1363 2407 quod
1381 2317 1460 2406 qui·

392 2444 473 2517 dem
494 2445 742 2517 confirmatum
768 2443 943 2515 babemus
963 2461 1092 2533 magna
1118 2442 1315 2534 sigillorum
1337 2457 1456 2525 aneo·

393 2586 472 2640 rurn
492 2568 605 2658 eopia,
628 2570 666 2639 in
686 2567 913 2659 Pompeianis
929 2566 1069 2639 aedibus
1092 2546 1332 2657 repertorum

440 2691 542 2764 Nunc
568 2690 612 2764 de
635 2691 748 2764 cereis,
772 2689 1023 2764 disserendum
1051 2696 1122 2773 est,
1151 2708 1232 2781 quae
1257 2689 1457 2780 praesertim

394 2816 553 2886 Romana
580 2819 683 2887 aetate
701 2814 890 2906 viguerunt
908 2832 949 2885 ac
963 2819 1160 2886 creverunt.
1183 2813 1262 2886 Non
1289 2810 1459 2902 estquod

424 3094 457 3158 (l)
473 3093 607 3151 Homolio,
626 3094 738 3157 demptos
755 3095 797 3141 des
810 3094 925 3158 hieropes
937 3094 974 3143 du
988 3093 1077 3157 temple
1088 3091 1223 3156 d’lpollon
1238 3091 1327 3141 ῦίίίειι
1338 3091 1415 3154 (Βυίί.
1430 3093 1461 3142 de

392 3197 457 3234 corr.
472 3183 571 3243 bellem,
587 3195 623 3238 vt,
639 3197 664 3245 p.
687 3182 739 3242 127)
754 3197 760 3231 ε
781 3181 905 3233 Ἀπόλλων
922 3188 1028 3247 χρυσοῦς
1046 3184 1140 3245 κνήμην
1155 3184 1201 3232 οὐκ
1214 3182 1277 3246 ἔχων
1294 3207 1323 3218 -
1339 3180 1460 3232 Ἀπόλλων

391 3275 511 3340 ἀργυροῦς
528 3300 556 3310 -
577 3272 705 3339 Ἐρώτιον,
727 3271 871 3337 Ἐρωτίδια,
894 3271 1019 3336 Ἐρωτίωγ
1036 3273 1079 3321 καὶ
1099 3271 1237 3337 βουσταλίων
1258 3274 1340 3334 ζεῦγος
1358 3296 1388 3306 -
1407 3266 1460 3320 Ἀν-

389 3363 542 3429 δριαντίσκος
556 3363 675 3428 ἀργυροῦς
688 3366 875 3425 -χρυσοῦς-
892 3359 1056 3424 Ἀνδριάντιον
1072 3361 1164 3416 ξύλινον
1177 3360 1310 3426 ἐπίχρυσον
1326 3385 1355 3394 -
1372 3359 1460 3409 Ἀετοῦ

391 3452 483 3513 κεφαλὴ
497 3452 591 3516 ἀργυρᾶ
603 3451 747 3515 ἐπίχρυσος,
765 3451 835 3506 ἀετὸς
850 3451 1011 3514 ἀργυροῦς-
1027 3449 1103 3512 Ὄφις,
1118 3450 1210 3512 ορίδιον
1225 3475 1256 3486 ·-
1270 3451 1420 3515 Δρακόντιον
1431 3475 1461 3487 -·
1552 3439 1556 3446 ¹

391 3539 522 3605 Τραγίσκοι
539 3565 568 3573 -
581 3539 680 3601 Σφίγγες
693 3563 721 3573 -
740 3536 865 3605 Ἱππάριον
886 3540 1018 3602 ἐπίχρυσον
1034 3563 1062 3572 -
1077 3538 1239 3601 Βονκεράλια.
1257 3540 1314 3602 βοὸς
1326 3540 1418 3603 κεφαλὴ
1431 3564 1460 3575 -·

390 3630 484 3692 Γρυπὸς
496 3629 588 3690 κεφαλή
604 3655 633 3664 -
647 3629 753 3683 Λέοντος
765 3629 876 3691 προτομή
888 3652 917 3662 -
930 3627 1032 3676 Ζώιδιον
1045 3628 1137 3683 ξύλινον
1154 3627 1297 3695 ἐπίχρυσον.

425 3716 458 3778 (2)
471 3714 547 3763 Diod.
563 3714 655 3775 Sicul,
672 3728 735 3772 xvrr,
755 3713 797 3762 tll
809 3734 814 3761 :
827 3714 880 3762 Τῶν
893 3716 939 3780 γὰρ
952 3716 1078 3778 ἡγεμόνων
1091 3717 1133 3764 καὶ
1147 3716 1220 3779 φίλων
1237 3717 1349 3783 ἕκαστος,
1365 3733 1460 3780 στοχα-

392 3801 491 3866 ζόμενος
505 3810 547 3862 τῆς
561 3808 605 3853 τοῦ
625 3805 743 3867 βασιλέως
761 3803 887 3866 ἀρεσκείας
898 3804 1096 3861 ,κατεσκεύαζεν
1118 3788 1206 3854 εἴδωλα
1224 3805 1255 3853 δι’
1270 3794 1400 3867 ἐλέφαντος
1418 3805 1462 3854 καί

392 3899 485 3960 χρυσοῦ
499 3895 542 3943 καὶ
556 3899 606 3943 τῶν
624 3894 703 3944 ἄλλων
718 3898 768 3942 τῶν
784 3893 972 3957 θαυμαζομένων
988 3895 1045 3958 παρ’
1058 3894 1201 3958 ἀνθρώποις.

412 3980 458 4046 ’(3)
476 3982 576 4043 Horat„
592 3983 684 4046 Epist,
697 3996 731 4043 rr,
746 3983 776 4044 2,
798 3982 851 4035 180.
871 3981 1008 4038 Gemmas,
1027 3998 1158 4045 marmor,
1174 3987 1256 4045 ebur,
1271 3983 1408 4050 Tyrrhena
1422 3984 1460 4033 si·

392 4072 469 4136 gilla,
486 4073 610 4128 tabellas,
627 4101 655 4109 -
668 4072 823 4135 argentum,
840 4076 925 4121 vestes
941 4070 1037 4121 Getulo
1056 4054 1156 4123 murice
1170 4073 1279 4131 tinctas,
1297 4076 1404 4122 -sunt
1416 4071 1459 4136 qui

391 4176 444 4213 non
456 4160 566 4212 habeant
580 4181 584 4209 :
599 4163 693 4224 estqui
707 4175 758 4211 non
769 4165 844 4211 curat
855 4164 956 4212 habero.
969 4160 1011 4215 Oi.
1022 4162 1160 4226 Bliimner‚
1171 4163 1319 4226 Ταοίιιιοίορ.
1330 4177 1355 4213 υ.
1367 4163 1459 4217 Τειοι..
1549 4157 1555 4177 ’

396 4265 424 4314 u,
441 4269 466 4316 p.
488 4250 539 4308 ltl,
554 4252 634 4301 Anm.
649 4252 663 4300 l
680 4271 685 4300 ι
703 4270 715 4295 u
730 4250 765 4300 So
781 4251 841 4302 sind
859 4252 903 4302 die
917 4250 1056 4316 Tyrrhena
1072 4253 1159 4317 sigilla
1172 4255 1214 4304 bei
1229 4253 1305 4312 Hor„
1321 4255 1378 4316 lla,
1392 4267 1418 4311 11,
1433 4249 1459 4305 2,

400 4342 452 4403 180,
465 4343 604 4407 jedenialls
616 4340 786 4393 Bronzene.»
1418 4333 1419 4337 ’
