3246 5234
415 1242 418 1247 ’
537 1253 680 1326 CAPUT
705 1254 896 1328 SEXTUM.

189 1582 370 1648 ouousour
395 1583 573 1638 ruurnnuu
599 1585 729 1639 sunsuu
755 1586 790 1637 m
818 1571 960 1639 rreumrs
987 1586 1125 1639 srerums
1151 1587 1247 1653 ouu-

544 1712 630 1764 nunu
655 1712 784 1779 mooun
809 1712 874 1764 err.

233 2005 383 2078 Erebus
402 2012 508 2077 antea
527 2005 700 2097 expositis
720 2005 817 2076 haud
835 2024 927 2097 aegre
946 2007 1141 2096 perspicies
1161 2006 1250 2098 quid

185 2128 382 2201 sentiamus
408 2129 452 2202 de
481 2129 623 2201 funebri
656 2128 862 2220 figlinorum
897 2130 1094 2220 sigillorum
1123 2149 1246 2203 seusu.

186 2255 270 2339 Quae
281 2252 984 2345 sigillalunebriasintappellandaaequo
999 2260 1033 2327 et
1048 2254 1253 2327 indubitato

181 2377 273 2466 jure,
295 2377 465 2450 diximus,
484 2380 533 2449 Ea
549 2378 644 2449 enim
665 2379 846 2449 neminem
865 2378 1008 2462 lallunt,
1033 2398 1104 2469 quo
1126 2380 1253 2452 habitu

184 2509 217 2573 et
240 2509 341 2594 gestu
365 2502 612 2575 detunctorum
637 2503 941 2576 immortalitatem
962 2509 996 2574 et
1023 2511 1251 2594 cognatorum
1362 2570 1364 2572 ,

184 2626 443 2698 sollicitudines
467 2627 505 2697 in
527 2634 682 2700 mentem
703 2634 867 2698 revocent
894 2624 959 2722 (l).
986 2627 1110 2700 Cetera
1132 2635 1251 2701 autem

184 2771 369 2825 censemus
386 2751 536 2825 diversis
556 2752 683 2825 usibus
700 2753 904 2824 communia
920 2751 1034 2824 luisse
1047 2741 1165 2844 neque
1179 2753 1253 2825 ulla
1280 2770 1282 2773 ’

183 2877 278 2969 lege,
313 2876 384 2948 nisi
413 2878 608 2950 ementium
643 2879 846 2960 voluntate,
874 2877 920 2950 ad
954 2878 1124 2950 luuehres
1155 2878 1253 2951 caeri-

184 3002 321 3075 monias
340 3001 617 3074 accommodata.
646 3002 738 3074 Hinc
758 3001 997 3074 dissentimus
1027 3022 1047 3073 a
1071 3004 1253 3094 plerisque

183 3126 226 3200 de
258 3127 456 3218 sigillorum
492 3133 621 3198 natura
656 3133 690 3198 et
724 3145 834 3200 sensu
865 3126 1143 3199 disserentibus.
1180 3129 1254 3200 Hoc

182 3253 276 3324 enim
302 3252 405 3342 quasi
434 3250 708 3324 fundamentum
737 3251 995 3343 disputationis
1025 3260 1248 3343 posuerunt,

182 3395 254 3449 rem
268 3376 454 3448 lunehrem
470 3395 549 3449 esse
565 3375 690 3468 figlina
705 3376 838 3467 sigilla,
858 3377 944 3467 quia
959 3377 997 3448 in
1013 3376 1186 3467 sepulcris
1201 3395 1252 3450 re·

181 3502 381 3591 periuutur.
404 3503 540 3592 Rogant
559 3508 678 3573 autem
699 3500 785 3584 alii,
808 3519 894 3572 num
924 3500 1089 3574 funebria
1107 3520 1252 3592 quoque

181 3624 426 3697 existimemus
445 3635 679 3716 quoecumque
695 3625 733 3695 in
755 3606 929 3717 sepulcris
949 3627 1082 3716 jacent,
1100 3611 1250 3717 patellas

182 3749 334 3832 scilicet,
356 3767 502 3840 capsas,
529 3751 677 3841 pocula,
702 3750 865 3842 specula,
887 3750 1141 3833 discerniculo,
1164 3750 1248 3822 stri·

165 3873 290 3989 ‘giles‘l
323 3876 474 3947 Omnem
512 3877 604 3947 hanc
642 3876 899 3968 supellectilem
940 3894 1019 3947 esse
1056 3874 1248 3947 viventium

183 4001 334 4084 scimus,
359 4020 425 4074 nec
444 4001 515 4073 alia
534 4021 641 4074 causa
660 4002 698 4073 in
719 4001 893 4093 sepulcris
912 4000 1125 4092 depositam,
1141 4019 1248 4095 quam

213 4283 245 4346 (n
263 4280 326 4335 ure.
342 4294 410 4345 sup„
427 4297 453 4345 p.
466 4282 554 4334 er-ea.
