3246 5234
637 1415 780 1489 CAPUT
806 1415 1029 1490 OCTAVUM.

733 1744 934 1803 CONCLUSIO.

351 2052 444 2139 Quid
465 2052 718 2143 profecerimus
737 2070 781 2123 ex
800 2052 1033 2144 opinionibus
1051 2054 1089 2123 in
1109 2053 1227 2144 priore
1252 2073 1363 2146 opus·

300 2177 369 2251 culi
389 2185 487 2268 parte
507 2176 692 2267 expositis,
715 2196 785 2267 qua
803 2196 841 2248 re
859 2177 905 2248 ab
927 2177 1055 2249 iisdern
1080 2177 1362 2269 dissentiamus,

301 2301 492 2373 dicendum
523 2309 589 2373 est.
626 2303 670 2373 Ut
700 2319 782 2373 vera
814 2301 1018 2391 loquamur,
1056 2301 1179 2391 paucis
1218 2303 1366 2392 quidem

300 2427 473 2518 exceptis,
504 2427 638 2497 nullam
669 2426 741 2497 iere
772 2426 1102 2517 interpretationem
1131 2428 1229 2506 onrni
1258 2428 1366 2500 ruodo

300 2553 521 2642 respuimus;
544 2553 630 2633 irno,
652 2569 671 2622 e
691 2551 855 2641 pluribus
866 2551 1114 2622 iihentissirne
1131 2550 1283 2622 fatemur
1296 2571 1367 2625 nos

300 2696 465 2766 magnam
499 2676 718 2765 excerpsisse
741 2675 897 2747 veritatis
918 2681 1053 2764 partem
1073 2693 1139 2746 nec
1162 2676 1261 2766 parvi
1283 2695 1364 2747 rno-

300 2802 410 2883 rnenti
431 2805 651 2891 argumenta.
675 2798 778 2869 Haud
798 2800 1004 2888 negavimus
1029 2798 1153 2890 figlina
1181 2800 1298 2890 sigilla
1326 2803 1367 2871 in

299 2925 446 3016 privatis
460 2924 599 2994 aedibus
615 2924 730 2993 locum
748 2923 966 3005 obtinuisse3
985 2921 1107 2993 eadern
1124 2923 1297 2994 tamenin
1314 2942 1368 2996 re·

298 3047 441 3137 ligionis
457 3046 671 3118 caerimoniis
690 3045 888 3136 praesertirn
902 3045 1232 3137 hahuissepartern,
1255 3065 1366 3137 agno-

298 3173 428 3243 vimus.
465 3169 682 3241 Domesticas
717 3187 860 3259 quoque
894 3175 928 3241 et
968 3169 1015 3240 ad
1047 3169 1155 3241 vitam
1189 3171 1365 3262 privatam

297 3297 517 3387 pertinentes
533 3294 664 3384 figuras
678 3276 698 3364 a
714 3294 845 3365 divinis
862 3295 1099 3384 mythicisque
1114 3302 1274 3367 accurate
1290 3295 1365 3368 dis·

298 3423 470 3494 tinuimus
496 3427 550 3502 et,
578 3439 649 3510 qua
674 3420 870 3491 [nutatione
898 3439 919 3490 a
947 3425 1072 3510 quarto
1100 3427 1182 3490 ante
1209 3421 1292 3491 Chr.
1322 3440 1361 3492 n.

298 3546 428 3617 saeculo
448 3564 505 3615 ars
526 3544 649 3634 figlina
668 3543 713 3614 ad
734 3562 851 3614 rerurn
870 3545 1108 3615 humanarum
1124 3542 1362 3616 imitationem

297 3670 525 3761 potissimum
541 3669 777 3751 inclinaverit,
800 3669 1043 3765 ostendimus
1061 3667 1133 3739 Hoc
1152 3674 1271 3739 autern
1291 3667 1360 3741 du·

297 3795 484 3865 bitandurn
501 3793 606 3864 nobis
625 3794 739 3864 visum
761 3801 815 3865 est
835 3801 868 3865 et
886 3793 1070 3864 doctorum
1091 3794 1246 3864 uirorum
1264 3791 1362 3882 judi-

296 3919 349 3990 cio
373 3917 660 4009 proponendum,
680 3924 798 3988 utruur
815 3917 939 4008 figlina
954 3917 1071 4008 sigilla
1090 3936 1163 3988 una
1183 3922 1218 3988 et
1236 3916 1360 3988 eadem

295 4043 588 4132 interpretatione
615 4041 825 4133 explicanda
851 4048 988 4125 essent,
1017 4061 1064 4112 an
1098 4041 1194 4132 apud
1221 4042 1360 4113 Graecos

295 4166 401 4237 variis
420 4166 544 4237 usibus
559 4165 827 4237 'accommodata
848 4164 1003 4237 fuerint?
1024 4168 1100 4251 Qua
1119 4165 1296 4237 sententia
1320 4164 1358 4234 in

295 4276 401 4364 aliern
417 4291 655 4382 investigandi
670 4291 761 4362 viam
777 4289 920 4362 adducti
941 4309 1079 4375 sumus,
1101 4291 1151 4362 ita
1171 4297 1222 4373 ut,
1240 4289 1356 4381 prius·
