3270 5244
699 1366 843 1441 CAPUT
869 1365 1121 1441 SECUNDUM.

375 1636 420 1688 lu
438 1635 570 1689 alonim
595 1634 725 1688 sicum
749 1634 794 1687 lo
820 1631 1026 1687 cucculum
1051 1633 1301 1689 ouruncrouuu
1320 1634 1442 1690 suroc-

425 1759 509 1824 cnn,
538 1758 662 1833 vnum,
677 1758 722 1811 au
754 1755 933 1811 erumnas
963 1757 1153 1813 vrvuurruu
1184 1758 1298 1822 unus,
1333 1720 1439 1814 usuu-

424 1882 511 1936 rlra
536 1861 707 1938 runumr‘l
1410 1843 1412 1846 ⁴

425 2113 557 2197 Altera,
580 2131 662 2204 quae
676 2113 830 2204 placuit,
852 2114 975 2206 opinio
994 2114 1190 2206 plurimum
1211 2114 1322 2206 priori
1341 2121 1441 2188 ante·

376 2239 489 2323 cellit,
512 2237 610 2329 qnod
624 2237 669 2309 de
683 2237 791 2310 rebus
810 2237 906 2311 notis
925 2237 1071 2311 disserit
1090 2244 1124 2310 et
1144 2238 1439 2312 documentorum

376 2384 397 2436 a
416 2363 612 2455 majoribus
635 2368 858 2455 acceptorum
878 2362 1046 2453 praesidio
1065 2363 1347 2438 commendatur.
1367 2364 1441 2437 Sci·

376 2488 458 2560 licet
484 2486 524 2557 in
546 2487 720 2577 sepulcris
740 2485 912 2578 depositae
935 2492 1020 2558 sunt
1039 2485 1294 2576 imagunculae,
1316 2485 1440 2559 eadem

378 2612 601 2702 rationeque
616 2610 727 2683 Graeci
745 2610 884 2695 urbem,
898 2612 1069 2701 porticus,
1085 2611 1283 2703 gymnasia,
1297 2610 1440 2693 balnea,

377 2738 528 2819 theatra,
544 2754 616 2807 non
633 2736 750 2807 solum
770 2735 932 2826 publicas
946 2735 1055 2819 aedes,
1073 2735 1138 2808 sed
1152 2735 1257 2808 etiam
1271 2735 1439 2827 privatas,

379 2858 580 2931 simulacris
600 2864 661 2930 aut
675 2857 808 2929 tabulis
823 2864 1057 2944 ornaverunt,
1074 2859 1124 2930 ita
1142 2865 1199 2941 ut,
1217 2858 1255 2929 in
1276 2875 1443 2948 quocum·

379 3001 449 3073 que
477 2983 553 3055 loco
577 2988 816 3065 versarentur,
846 2988 929 3054 ante
956 2982 1078 3054 oculos
1106 2981 1332 3073 lepidissima
1354 2981 1442 3053 artis

379 3125 487 3200 opera
505 3106 692 3191 haherent.
715 3107 799 3180 Haec
816 3107 924 3199 igitur
948 3105 1127 3178 sententia
1150 3123 1279 3177 novam
1296 3104 1441 3177 investi-

378 3230 485 3322 gandi
505 3229 680 3301 rationem
701 3229 739 3299 in
759 3228 979 3320 quotidianae
997 3228 1078 3300 vitae
1101 3228 1277 3301 institutis
1298 3227 1440 3319 quaerit.

380 3352 482 3439 Quod
502 3352 532 3424 si
552 3352 648 3425 enim
664 3359 803 3424 constat
822 3353 981 3444 singula,
1003 3369 1084 3442 quae
1104 3352 1254 3424 mortuis
1275 3351 1443 3442 suppedi-

380 3476 447 3548 tari
475 3477 613 3560 solent,
642 3475 814 3567 strigiles,
843 3495 962 3558 arma,
989 3476 1154 3566 specula,
1183 3494 1286 3558 acus,
1317 3471 1442 3567 capsas

378 3600 647 3690 unguentarias,
667 3599 842 3690 cujusque
858 3600 998 3691 generis
1015 3617 1112 3680 vasa,
1130 3599 1339 3691 quotidiano
1359 3599 1442 3671 usui

261 3772 265 3778 -
378 3729 413 3794 et
441 3722 643 3794 tractationi
670 3721 872 3795 viventibus
907 3722 1039 3805 luisse,
1075 3722 1163 3813 quid
1196 3722 1314 3795 obstat
1348 3740 1439 3813 quo-

379 3844 500 3918 minus
521 3845 638 3937 sigilla
656 3865 800 3938 quoque
819 3866 925 3919 suum
946 3848 984 3918 in
1000 3846 1139 3919 aedibus
1158 3845 1306 3939 privatis
1326 3848 1443 3919 locum

379 3970 561 4044 tenuerint
584 3967 657 4065 (lli
676 3971 769 4057 Quid
789 3971 933 4057 mirum,
952 3973 1092 4045 Graecos
1108 3989 1252 4044 curasse
1267 3978 1308 4043 ut
1331 3970 1369 4042 in
1394 3989 1445 4044 se

413 4195 445 4258 (l)
466 4193 808 4257 manuducentem
828 4195 885 4247 dcll'
907 4193 1026 4249 losttccco
1049 4194 1327 4259 crcltcolopico‚1874‚
1348 4212 1374 4260 p.
1392 4195 1444 4246 lat.

379 4280 420 4332 Ol.
434 4281 552 4348 append.
572 4282 615 4346 (9).
657 4348 658 4351 ¹
