3270 5244
615 967 744 1059 PARS
772 968 923 1060 PRIOR

558 1658 560 1662 ,
590 1575 734 1651 elrur
760 1547 946 1652 rnruuu.

237 1876 280 1930 su
303 1874 438 1931 rreurul
463 1874 593 1930 smnus
614 1875 660 1930 aa
688 1874 809 1930 nlccur
835 1875 1003 1930 ursrram
1026 1876 1239 1933 rmumrsur
1262 1879 1303 1934 nr

390 2000 424 2055 m
447 1999 627 2056 serendus
652 1999 837 2055 ursulumr
862 1998 939 2054 srrrr
964 1981 1156 2057 urresrrl?
1239 2070 1254 2094 ο

284 2259 418 2332 Recens
446 2255 640 2328 admodum
670 2262 756 2329 nata
780 2263 834 2331 est
858 2257 904 2330 de
932 2256 1065 2350 figlinis
1093 2259 1296 2333 Graeeerum

235 2373 362 2467 sigillis
377 2371 632 2452 controversia,
655 2372 818 2463 quamuis
833 2372 975 2463 jamdiu
993 2381 1159 2448 mereant
1176 2374 1297 2448 studia

233 2498 376 2579 illorum
404 2498 466 2588 qui
492 2496 531 2568 in
559 2496 720 2587 antiquis
745 2476 854 2571 rebus
879 2497 1106 2590 intelligunt,
1130 2498 1295 2590 quamvis

234 2621 396 2697 aedifieiis
415 2621 567 2705 nestris,
589 2628 665 2695 tum
685 2621 854 2713 privatis,
877 2628 953 2695 tum
973 2622 1149 2715 publieis,
1170 2622 1295 2714 exqui-

233 2747 302 2820 sita
315 2745 517 2818 habeantur
536 2751 759 2818 ornamenta.
776 2745 943 2818 Nondum
959 2744 1056 2819 enim
1071 2745 1196 2839 uiginti
1211 2752 1297 2819 sunt

232 2870 333 2954 anni,
347 2888 391 2943 ex
406 2868 707 2961 quevirquidam
719 2887 839 2943 rerum
849 2870 1079 2961 antiquarum
1094 2872 1292 2955 studiosus,

232 2994 409 3068 nonnulla
425 2993 564 3077 fictilia,
585 3012 666 3085 quae
680 2994 758 3085 ipse
774 2995 1020 3085 comparabat,
1038 2994 1077 3067 in
1092 2994 1297 3087 Campaniae

232 3119 406 3211 sepulcris
425 3125 565 3211 reperta
583 3118 733 3191 rationis
748 3125 783 3191 et
797 3118 1011 3191 eruditionis
1030 3120 1218 3211 praeseptis
1240 3138 1295 3192 or·

233 3244 358 3318 dirrare
390 3249 498 3335 atque
531 3242 758 3334 interpretari
787 3248 936 3315 cenatus
963 3249 1017 3314 est
1046 3238 1111 3337 (l).
1143 3241 1180 3313 Si
1207 3223 1295 3332 quid

233 3387 376 3462 peecare
403 3368 592 3441 audaciore
618 3374 653 3441 et
678 3366 900 3459 imprudenti
920 3365 1064 3458 ingenie
1092 3364 1291 3448 videbitur,

233 3492 329 3566 haud
344 3491 570 3566 mirabimur.
594 3491 709 3565 Pausa
727 3492 767 3563 in
785 3497 953 3583 promptu
967 3495 1070 3563 erant
1083 3485 1292 3573 simulacra

233 3616 541 3692 cunetaexeadem
555 3617 699 3710 regione
708 3614 862 3689 oriunda
873 3633 939 3688 nee
951 3632 1025 3687 non
1039 3621 1114 3688 arte
1124 3613 1294 3687 mediocri

233 3744 432 3827 elaborata
448 3741 520 3815 alia
537 3759 612 3815 non
627 3741 861 3833 cognoscebat
879 3759 959 3842 eum
976 3740 1109 3832 quibus
1124 3758 1190 3813 sua
1207 3757 1292 3812 eon·

264 3999 296 4064 (l)
316 3997 346 4049 P.
366 3997 486 4059 Biardet,
511 3996 675 4062 displicenda
694 3996 730 4046 du
743 3994 902 4059 symbolisme
925 3995 967 4045 des
989 3993 1160 4044 terrm-cuites
1177 4005 1295 4055 preepues

232 4090 262 4140 de
278 4089 436 4140 saltantium
449 4086 591 4153 [astruere.
608 4084 691 4146 Paris,
705 4084 845 4144 llumbert,
861 4083 927 4134 1864.
942 4084 984 4136 nes
996 4084 1165 4134 temes-auitas
1177 4094 1294 4145 praepetes

232 4178 346 4242 {aalma
362 4178 429 4229 dam
443 4177 497 4229 leur
511 4183 617 4241 repperi
634 4189 695 4228 avec
714 4163 877 4240 lea'llpstlres
898 4175 929 4225 de
944 4173 1063 4226 Bueeltua
1086 4170 1170 4223 Texta
1183 4175 1209 4220 et
1227 4170 1294 4220 atlas

233 4268 265 4319 de
280 4267 311 4319 et
325 4267 463 4332 planetes,
476 4265 492 4317 2
504 4266 557 4318 vel.
572 4264 657 4325 Puris,
678 4264 770 4324 Didet,
789 4263 857 4316 ¹872.
