3270 5244
647 528 806 593 ,35-

194 662 366 754 periendo
402 662 475 735 sint
504 662 628 754 figlina
655 664 791 755 sigilla,
821 682 902 754 quoe
932 682 1071 749 servos,
1104 666 1256 750 milites,

195 804 345 878 pueros,
390 804 496 859 cenes
541 793 575 858 et
619 804 731 876 equos
780 786 897 878 specie
939 786 1122 860 referunt?
1166 789 1257 862 Num

195 929 277 984 vero
300 911 350 983 ite
374 929 412 983 se
436 929 493 983 res
518 909 648 984 hebeti
670 911 817 984 Minime
839 911 999 1003 quidem.
1027 913 1097 985 Nec
1127 912 1256 998 ullam,

195 1044 234 1108 ut
271 1055 380 1128 supra
413 1036 591 1123 diximus,
631 1037 808 1127 ejusmodi
845 1037 1037 1130 imaginem
1077 1039 1257 1129 reperias,¹

196 1162 266 1233 nisi
297 1163 336 1232 in
367 1162 575 1234 recentioris
605 1161 720 1234 eetnds
748 1162 922 1254 sepulcris
956 1161 1154 1254 depositam
1192 1160 1256 1256 (l).
1302 1239 1305 1244 ,

243 1283 353 1356 Nobis
373 1284 481 1375 igitur
500 1283 603 1356 liceat
623 1275 830 1376 opinionem
850 1303 965 1376 nuper
984 1286 1182 1376 expositam
1205 1284 1260 1358 bi-

196 1405 325 1498 pertito
346 1406 517 1480 dividere.
541 1407 644 1495 Quod
663 1407 790 1480 attinet
804 1407 850 1479 ad
864 1407 1063 1499 sigillorum
1079 1416 1256 1493 naturam,

197 1548 275 1602 curn
295 1537 437 1603 auctore
462 1532 721 1604 consentimus.
749 1534 825 1617 Quo
850 1532 956 1604 modo
980 1551 1062 1603 vere
1085 1540 1119 1606 et
1142 1532 1188 1605 ed
1211 1534 1260 1606 vi·

195 1671 277 1724 rum
300 1671 469 1744 expressa
498 1655 615 1744 specie
642 1654 764 1725 omnio
789 1655 870 1726 vitae
899 1655 1067 1727 humanae
1092 1674 1200 1746 opere
1226 1662 1261 1728 et

197 1775 454 1849 delectamenta
479 1777 667 1868 elingent,
696 1776 801 1861 nobis
829 1795 972 1870 quoque
999 1778 1097 1851 locus
1123 1779 1190 1852 erit
1216 1779 1262 1852 ed

198 1900 461 1991 explicandum.
485 1902 588 1988 Quod
605 1909 724 1975 autem
744 1901 790 1974 ed
809 1901 1002 1993 originem,
1026 1902 1261 1976 dissentimus

197 2029 231 2095 et
248 2024 396 2098 alteram
416 2025 522 2098 nobis
542 2026 580 2099 iu
600 2025 722 2097 auimo
741 2032 796 2098 est
814 2043 1014 2116 proponere
1030 2028 1258 2100 sententiam.

229 2280 262 2343 (l,
282 2278 320 2329 De
340 2280 391 2329 hoo
408 2293 511 2343 quoquc
530 2278 598 2328 haud
614 2277 779 2329 dissimiliter
802 2279 945 2343 disputavit
967 2277 1074 2342 iloozey
1094 2280 1262 2344 (documento

198 2381 272 2429 precs,
295 2366 362 2427 1874,
379 2383 402 2430 p.
420 2367 443 2427 3,
460 2368 490 2427 l).
507 2365 545 2416 Cl.
564 2367 679 2430 Appeod.
697 2366 758 2428 (tl).
