3270 5244
736 1407 879 1481 CAPUT
903 1411 1096 1483 SEXTUM.

817 1733 1019 1790 coucuuslo.

435 2017 522 2100 Quae
542 2014 586 2087 de
604 2013 739 2105 figlinis
759 2013 889 2106 sigillis
910 2021 997 2087 ortae
1017 2021 1103 2087 sunt
1122 2014 1330 2107 opiniones,
1363 2031 1449 2104 qua·

385 2137 593 2228 lescumque
618 2145 720 2214 sunt,
744 2137 1004 2210 recensuimus.
1028 2138 1116 2210 Aliae
1141 2137 1222 2208 aliis
1242 2138 1453 2227 placuerunt

386 2260 587 2335 sententiae.
616 2263 688 2335 Nos
717 2263 804 2353 quid
831 2270 926 2335 esset
953 2261 1218 2353 accipiendum,
1246 2259 1334 2351 quid
1362 2258 1451 2351 abii·

385 2385 566 2469 ciendum,
581 2392 621 2459 ut
638 2387 731 2485 vires
749 2395 881 2460 nostrae
898 2388 1075 2468 tulerunt,
1090 2386 1337 2477 exposuimus.
1350 2383 1452 2456 Nunc

388 2510 534 2600 quidem
558 2531 580 2583 a
604 2513 743 2603 rejectis
769 2512 920 2603 probata
945 2513 1133 2603 sejungere
1159 2515 1315 2600 oportet,
1335 2507 1452 2600 prius·

387 2651 513 2724 quam,
534 2639 574 2705 ut
593 2635 712 2719 aiunt,
733 2637 843 2709 Marte
862 2642 985 2707 nostro
1005 2651 1220 2726 pugnemus
1244 2631 1336 2718 Quid
1356 2631 1452 2704 enim

387 2755 432 2828 ab
452 2756 580 2828 alienis
601 2756 825 2832 documentis
844 2737 1099 2850 acceperimus
1123 2755 1211 2848 quid
1230 2754 1300 2847 ipsi
1321 2773 1452 2827 novum

388 2880 658 2964 contulerimus,
680 2880 848 2954 facillime
866 2882 1114 2973 perspicietur.

437 3003 543 3075 Omni
559 3003 665 3075 modo
685 3006 889 3094 respuimus
910 3004 1149 3097 investigandi
1165 3005 1354 3090 rationem,
1373 3022 1455 3094 quae

388 3127 530 3201 ducitur
559 3145 603 3200 ex
629 3146 759 3199 arcana
791 3129 946 3218 quadam
983 3131 1184 3202 Graecorum
1218 3129 1390 3219 religione
1420 3132 1455 3199 et

388 3251 513 3343 figlina
537 3251 653 3344 sigilla
676 3270 756 3324 cum
785 3260 981 3345 mystarum
1008 3253 1170 3326 doctrina
1197 3253 1345 3326 omnino
1372 3270 1455 3324 con-

391 3377 555 3468 gruentia
580 3378 769 3450 ostendere
801 3386 961 3451 conetur.
999 3379 1037 3449 Si
1068 3378 1185 3461 enim,
1217 3378 1255 3450 in
1289 3376 1456 3469 ambigua

390 3500 646 3592 disputatione,
664 3503 820 3593 primum
840 3521 859 3574 e
880 3502 987 3574 rebus
1008 3503 1104 3574 notis
1125 3508 1334 3594 argumenta
1353 3503 1452 3574 colli·

391 3641 472 3715 gere
493 3622 613 3706 decet,
645 3631 685 3696 nt
711 3625 864 3697 incertas
889 3624 1143 3715 explanemus,
1165 3624 1268 3696 valde
1294 3623 1455 3715 ineptum

390 3747 533 3820 ridetur
560 3749 670 3820 totius
694 3748 961 3838 disquisitionis
987 3750 1091 3840 quasi
1118 3748 1291 3840 originem
1315 3754 1349 3820 et
1375 3747 1456 3820 stir·
1536 3788 1539 3793 -

390 3889 472 3964 pern
492 3890 625 3962 ponere
640 3872 678 3943 in
692 3871 755 3944 illa
771 3871 955 3963 religione,
977 3872 1022 3946 de
1038 3892 1109 3964 qua
1123 3873 1287 3964 ignorare
1306 3872 1400 3944 inter
1418 3887 1456 3942 se

370 3998 621 4070 ‘consentiunt
639 3996 712 4070 lere
731 4015 858 4070 omnes
879 3997 1078 4071 doctissimi
1097 3997 1177 4069 riri.

440 4122 491 4192 Ex
519 4119 601 4193 aliis
627 4125 745 4192 autem
775 4119 1029 4212 opinionibus,
1052 4137 1258 4211 quanquam
1291 4118 1457 4191 dirersis·

392 4245 494 4321 simae
512 4246 673 4330 luerunt,
695 4247 872 4320 nonnulla
891 4246 1092 4356 retulimus.
1116 4242 1219 4332 Quod
1238 4243 1284 4316 ad
1306 4243 1456 4317 formam
