3246 5234
833 586 872 597 .,
891 552 932 614 gg
955 587 994 598 ..

377 690 498 763 omnia
529 698 647 763 autem
675 690 823 762 confusa
848 698 956 782 atque
980 709 1174 774 concussa,
1204 691 1326 762 omnia
1353 691 1445 782 ignis

375 817 501 889 ardore
525 815 711 907 corrupta?
738 817 826 887 Cum
850 822 970 888 autem
995 816 1161 908 expedita
1188 835 1207 888 e
1234 817 1381 907 pulvere
1408 817 1445 887 in
1477 847 1479 850 ⁴

376 943 490 1013 lucem
515 948 709 1024 venerunt,
732 960 805 1012 non
825 941 892 1012 iuit
914 941 1175 1025 dubitandum,
1205 942 1294 1032 quin
1316 920 1445 1014 seriem

377 1064 570 1157 quamdam
603 1065 802 1138 ordinatam
838 1072 945 1167 atque
981 1068 1192 1139 instructam
1229 1068 1275 1138 ab
1309 1068 1446 1158 origine

377 1191 655 1283 composuerint.
675 1191 902 1264 Manifestum
918 1192 1014 1263 enim
1034 1192 1229 1283 apparebat
1248 1193 1370 1263 omnia
1391 1193 1446 1263 in-

274 1397 276 1400 ,
376 1323 429 1388 ter
449 1335 487 1388 se
506 1317 648 1388 vinculo
668 1315 823 1406 quodam
845 1317 980 1389 haeroro
1000 1334 1178 1399 connexa;
1198 1334 1296 1399 nam,
1315 1316 1346 1387 si
1363 1316 1444 1406 quis

378 1441 585 1513 continuato
613 1441 755 1531 agmine
780 1441 1048 1530 quatuordocim
1074 1441 1140 1511 has
1165 1439 1297 1531 figuras
1326 1440 1446 1532 dispo·

379 1573 517 1649 suerat,
540 1566 701 1656 singulas
721 1565 847 1637 habitu
867 1572 901 1637 et
922 1572 1058 1637 statura
1076 1566 1263 1655 paululum
1288 1565 1446 1638 divorsas

379 1709 483 1762 suum
504 1691 542 1761 in
563 1697 657 1762 certo
678 1690 804 1762 ordine
822 1691 938 1762 iocum
958 1708 1103 1781 poscere
1120 1689 1317 1772 sentiebam
1341 1689 1391 1760 ita
1409 1695 1447 1760 ut

378 1820 451 1885 tres
471 1815 596 1886 velatae
616 1815 785 1886 mulieres
810 1815 848 1885 in
873 1813 992 1886 medio
1017 1821 1170 1897 starent,
1193 1821 1232 1885 ut
1252 1813 1322 1885 duo
1345 1814 1447 1885 accli-

379 1945 472 2012 natae
498 1939 651 2010 mediam
676 1941 859 2031 cingerent
878 1947 985 2031 atque
1005 1941 1098 2011 inter
1120 1958 1158 2011 se
1179 1939 1444 2021 consentirent,

378 2071 417 2135 ut
449 2064 605 2153 denique
637 2064 675 2134 in
713 2063 858 2136 sinistro
893 2064 1111 2154 deuteroque
1145 2065 1255 2136 latere
1286 2064 1447 2154 quinqua

379 2185 502 2277 figurae
526 2189 632 2259 etiam
655 2194 762 2278 atque
787 2190 893 2260 etiam
919 2190 1077 2261 minores
1102 2189 1358 2261 collocarentur
1380 2186 1445 2282 (t).

380 2313 572 2395 Praeterea,
595 2331 641 2385 no
662 2312 751 2403 quid
771 2313 873 2385 dubii
898 2320 1121 2404 superesset,
1145 2333 1188 2385 ex
1208 2313 1332 2385 eadem
1352 2313 1448 2385 rossa

379 2438 571 2510 cruebatur
599 2438 722 2528 figlina
748 2438 913 2528 quaedam
939 2439 1063 2521 basis,
1091 2457 1192 2529 quae,
1221 2439 1312 2508 miro
1341 2436 1447 2508 modo

380 2562 508 2635 mediae
528 2562 651 2653 figurae
671 2581 891 2653 congruens,
915 2582 991 2634 eam
1012 2562 1050 2633 in
1073 2564 1187 2634 iocum
1208 2563 1315 2653 paulo
1336 2563 1448 2647 excel-

382 2686 511 2758 siorem
533 2687 709 2778 erigebat,
732 2687 782 2757 ita
801 2693 841 2757 ut
860 2705 968 2777 super
995 2687 1083 2757 alias
1106 2688 1279 2758 emineret
1298 2692 1332 2758 et
1352 2692 1445 2758 ecte-

369 2829 438 2882 'ras
460 2811 629 2912 utrinque
653 2812 691 2881 in
718 2830 781 2894 so,
812 2812 915 2902 quasi
940 2810 978 2881 iu
1008 2811 1187 2902 fastigium
1217 2819 1252 2883 et
1280 2812 1446 2893 culmen,

381 2943 564 3025 vergentes
584 2942 791 3009 ostentaret.

429 3063 503 3132 Hoc
537 3079 680 3150 quoquo
718 3062 1000 3143 animadvertes,
1029 3081 1102 3132 non
1140 3062 1286 3134 adrem
1315 3064 1446 3154 mythi-

381 3205 457 3258 oam
495 3193 556 3258 aut
593 3187 798 3258 historicam
841 3189 1019 3279 portinere
1067 3188 1260 3278 figurarum
1303 3189 1445 3261 seriem.

381 3310 485 3381 Nuilo
529 3309 622 3380 inter
667 3327 704 3380 se
742 3311 919 3381 cohaerere
959 3309 1100 3380 vinculo
1147 3309 1332 3394 videntur,
1377 3311 1449 3382 nisi

381 3435 460 3525 ipsa
489 3436 606 3525 specie
639 3434 822 3515 ordinata,
854 3436 933 3525 ipsa
963 3435 1108 3506 habitus
1137 3442 1171 3506 et
1201 3442 1347 3507 staturae
1371 3455 1451 3508 oon·

382 3558 573 3629 venientia.
615 3557 840 3628 Dissentiunt
877 3559 985 3648 igitur
1022 3556 1286 3646 aquibusdam
1326 3557 1450 3649 figuris

383 3683 575 3756 ordinatim
603 3682 833 3771 compositis,
858 3701 947 3771 quas
977 3683 1015 3753 in
1041 3683 1206 3764 Graeciae,
1235 3683 1363 3764 ltalia,
1390 3688 1452 3753 aut

384 3808 558 3898 Bosphori
583 3807 765 3877 Cimmerii
790 3807 962 3896 sepulcris
990 3807 1288 3897 repertas'iuisse
1317 3808 1452 3898 accepi·

383 3948 476 4001 mus.
507 3933 592 4014 Quae
629 3929 774 4019 quidem
813 3930 924 4019 prolis
958 3930 1135 4013 Niobaeae,
1175 3929 1399 4019 Proserpinae
1430 3949 1452 3999 a

417 4238 449 4299 (i)
467 4235 550 4297 Quam
565 4240 598 4285 ob
613 4249 719 4286 causam
732 4239 835 4288 deficiat
851 4251 902 4286 una
915 4238 942 4286 in
954 4237 1062 4288 dextero
1080 4239 1167 4301 latere,
1180 4253 1238 4301 quae
1250 4237 1358 4290 omnino
1373 4245 1452 4303 rupta

384 4332 408 4375 et
425 4319 587 4374 comminuta
602 4327 688 4387 periit,
702 4327 832 4388 diximus,
849 4327 913 4375 nott.
928 4327 958 4376 cte
970 4342 1036 4378 corr.
1052 4329 1152 4388 heitom,
1168 4344 1201 4389 vr,
1218 4345 1243 4392 p.
1261 4328 1314 4377 432.
