3246 5234
634 520 795 581 ..91-

180 661 259 735 rilae
278 660 447 732 humanm
466 658 701 730 imitationem
723 655 928 737 inclinavit;
951 661 1059 745 atque
1078 654 1164 727 iude
1184 653 1246 726 de-

182 785 319 857 fluxere
345 802 452 875 opera
481 783 659 874 exquisito
693 782 815 853 labore
844 787 878 852 et
910 781 1103 852 formarum
1137 780 1249 852 varie·

182 916 253 982 tate
281 908 483 993 mirabilia,
509 909 559 979 ita
586 915 626 980 ul
654 927 727 979 uon
759 907 865 979 modo
894 926 950 978 res
979 924 1087 978 sacrm
1117 912 1151 976 et
1187 905 1250 977 he·
1341 1002 1344 1007 ,

182 1053 281 1106 roum
303 1034 448 1115 tabulae,
471 1032 535 1105 sed
555 1033 736 1105 civitatum
758 1032 847 1104 testa
863 1031 1019 1124 publica,
1041 1031 1248 1121 nuptiarum

181 1167 215 1233 et
232 1159 398 1233 funerum
419 1161 523 1244 ritus
541 1161 713 1250 juvenum
735 1159 923 1242 exercitia,
945 1175 1137 1250 puerorum
1157 1155 1251 1228 ludi·

182 1304 258 1370 cra,
278 1304 334 1359 ros
356 1286 564 1368 muliebres,
585 1286 746 1368 serviles,
769 1285 943 1366 forenses,
966 1283 1115 1356 scenicae
1134 1282 1250 1373 expri-

182 1418 376 1485 merentur.
396 1411 454 1484 Sic
469 1411 748 1495 mutatisrebus,
763 1430 822 1482 ars
834 1410 958 1502 figlina
980 1427 1124 1501 quoque
1137 1414 1250 1480 muta·

182 1535 299 1619 hatur,
316 1554 435 1627 neque
449 1537 521 1608 alia
540 1555 647 1608 causa
663 1535 858 1627 quaerentla
873 1535 980 1607 nohis
997 1534 1152 1617 ridetur,
1172 1552 1248 1615 our,

183 1660 305 1734 eodem
334 1666 513 1752 tempore,
535 1668 587 1734 tot
614 1661 837 1734 elssoruerint
864 1661 1004 1752 sigilla,
1032 1659 1152 1752 potius
1178 1659 1248 1729 hu·

183 1803 289 1857 mana
308 1805 416 1876 quam
441 1786 563 1858 diviua
587 1785 704 1877 specio
725 1785 864 1857 induta.
888 1785 966 1857 Nou
987 1791 1041 1857 est
1061 1782 1158 1875 quod
1176 1800 1251 1855 mo·

182 1929 237 1983 res
263 1912 474 1985 vetustiores
504 1919 612 2003 atque
641 1901 822 1984 obsoletos
855 1911 1050 1984 recentiore
1083 1910 1249 2013 tuncrum

182 2037 253 2109 ritu
270 2043 451 2110 revocatos
471 2038 668 2120 existimes,
689 2055 754 2110 nec
773 2055 891 2128 operm
911 2037 1065 2128 pretium
1077 2042 1131 2107 est
1146 2033 1251 2126 origi·

182 2180 264 2235 nem
292 2164 500 2236 mutationis
529 2164 628 2236 illius
661 2183 821 2255 quaerere
849 2164 887 2234 in
920 2162 1084 2255 pristinis
1117 2160 1251 2233 hostia·

183 2306 262 2360 rum
295 2288 535 2361 humanarum
567 2288 765 2361 sacrificiis.
793 2291 874 2381 lpsa
902 2290 989 2360 artis
1020 2286 1252 2359 conversione

183 2431 328 2486 necesse
348 2419 443 2495 erat,
465 2420 505 2485 ut
524 2413 648 2486 eadem
669 2413 769 2486 lieret
790 2413 828 2484 in
846 2413 969 2504 figlina
984 2410 1147 2484 mulatio.
1165 2411 1252 2496 Quae

182 2551 254 2607 non
275 2533 382 2605 modo
402 2534 439 2605 in
462 2535 589 2626 sigillis
610 2535 656 2607 ad
679 2536 786 2607 vitam
814 2534 1044 2607 domesticam
1065 2533 1249 2624 pertinen·

183 2658 304 2742 tibus,
333 2658 463 2730 sedin
493 2659 583 2750 ipsis
617 2659 765 2740 deorum
802 2659 1021 2751 imaginihus
1049 2658 1250 2749 deprehen·

186 2780 293 2854 ditur.
333 2784 611 2856 Permanserunt
639 2784 785 2875 quidem
815 2802 931 2875 usque
955 2783 1002 2855 ad
1026 2790 1166 2856 aetatem
1194 2800 1250 2853 re·

183 2906 374 2979 contiorem
415 2907 628 2980 vetustiores
656 2907 851 3000 figurarum
881 2909 1033 2991 iormae,
1073 2884 1124 2979 ita
1152 2913 1191 2978 ut
1214 2906 1252 2978 in

184 3031 307 3104 eodem
362 3032 524 3124 sepulcro
560 3033 716 3125 reperire
767 3035 871 3107 liceat
923 3033 1072 3126 rigidam
1115 3031 1252 3106 Cereris

184 3155 355 3230 obvelatae
374 3157 499 3230 taciem
520 3166 554 3231 et
573 3158 675 3250 pueri
696 3160 856 3232 Romana
874 3159 975 3232 hulla
1000 3159 1116 3230 ornati
1137 3158 1250 3228 simu·

184 3281 334 3354 lacrum.
380 3282 519 3373 Saepius
556 3291 674 3355 autem
712 3290 851 3356 constat
893 3302 995 3356 novae
1034 3281 1120 3353 ariis
1158 3299 1250 3372 prae·

184 3411 284 3496 cepta
303 3405 487 3479 lictoribus
515 3396 714 3499 placuisse,
737 3409 800 3499 qui
827 3407 951 3499 figlina
970 3426 1078 3499 opero
1102 3405 1148 3477 ad
1172 3404 1252 3476 imi·

184 3529 354 3603 tationem
388 3531 568 3604 statuariae
600 3532 697 3604 haud
732 3533 842 3605 semel
873 3532 1169 3605 informaverunt.
1201 3531 1253 3602 Ne

184 3655 288 3745 plura
311 3672 604 3740 commemorem,
626 3657 821 3748 perspicies
847 3658 884 3728 iu
909 3654 1175 3748 lllyrineusibus
1200 3653 1250 3725 si·

185 3779 278 3870 gillis
312 3787 465 3871 quatuor
494 3782 643 3855 Veneris
676 3782 873 3874 imagines,
910 3802 990 3873 quae
1024 3779 1253 3853 inclitissima

186 3905 404 3995 sculptorum
424 3912 488 3978 aut
504 3906 679 3997 pictorum
701 3924 809 3998 opera
827 3907 1014 3979 imitantur
1037 3930 1045 3976 :
1067 3905 1135 3977 dea
1154 3903 1250 3977 enim

185 4029 342 4102 tunicata
366 4036 401 4102 et
419 4032 554 4102 malum
579 4049 690 4103 manu
710 4038 853 4124 gestans
878 4027 924 4124 (ll
949 4030 1072 4102 multis
1098 4047 1251 4100 marmo-

213 4298 247 4366 ll)
262 4299 330 4353 ruit.
345 4302 376 4352 ce
388 4311 455 4354 aar.
471 4278 629 4365 ntun'.,v1,
644 4305 680 4368 pr.
698 4302 740 4360 ra,
755 4315 805 4364 vn,
822 4317 847 4366 ρ.
864 4300 953 4354 eo-or.
