3270 5244
699 528 837 587 .-r-

236 661 515 746 adhlberentur,
537 681 620 736 uera
640 665 758 754 specio
777 671 973 756 mystarum
992 666 1105 736 oculis
1130 665 1298 755 subjicie-

235 786 340 869 bant;
368 788 419 860 ita
445 795 484 860 ut
510 788 602 860 nulli
630 789 683 860 las
711 795 823 870 essct,
850 788 922 860 nisi
950 789 1095 880 mystis,
1121 788 1299 879 ejusmodi

236 911 437 984 simulacris
456 912 509 985 uti
534 920 568 986 et
592 931 713 986 secum
740 914 779 984 in
804 915 967 1004 sepulcro
991 913 1143 1007 haltere,
1166 914 1300 1006 quippe

235 1055 315 1126 quae
338 1021 456 1109 rerum
477 1037 639 1109 omnium
665 1038 903 1128 cognitionem
927 1037 1053 1129 mystis
1078 1036 1244 1108 traditam
1264 1044 1299 1110 et

233 1162 407 1252 patefacta
424 1162 506 1236 vitae
525 1163 723 1252 mortisque
742 1181 872 1234 arcana
892 1160 1134 1253 significarent
1156 1159 1167 1256 (
1192 1158 1221 1255 ).
1316 1143 1319 1148 ’

282 1286 356 1359 Ηοθ
374 1286 553 1377 primum,
575 1286 720 1377 opinor,
748 1293 803 1358 θεῖ
827 1285 1184 1358 animadvertendum
1204 1287 1297 1358 nihil

233 1427 312 1482 esse
334 1428 453 1499 neque
480 1411 518 1481 in
542 1411 717 1500 majorum
746 1409 909 1500 scriptis,
931 1428 1049 1500 neque
1072 1409 1110 1480 in
1135 1409 1295 1501 lapidum
1382 1463 1385 1469 .

233 1534 365 1640 titulis,
382 1553 500 1626 neque
519 1536 558 1607 in
578 1536 668 1627 ipsis
689 1535 953 1618 monumentis,
974 1535 1072 1608 unde
1091 1536 1168 1607 haec
1186 1534 1296 1607 inter·

233 1659 382 1751 pretatio
413 1659 575 1732 ducatur.
603 1661 690 1746 Quae
719 1659 888 1750 quidem,
920 1667 960 1732 ut
986 1659 1144 1742 videtur,
1173 1677 1192 1731 e
1219 1660 1296 1731 sola

232 1784 460 1858 contentione
483 1785 618 1876 ingenii
640 1784 826 1875 cujusdam
847 1784 951 1875 quasi
974 1782 1239 1874 praesentientis
1262 1791 1297 1859 el

232 1905 427 1980 divinantis
442 1915 526 1980 nata
540 1914 607 1991 est,
625 1909 675 1980 ita
688 1914 741 1991 ut,
760 1908 791 1980 si
807 1907 896 1998 quid
912 1907 985 1979 reri
1000 1907 1038 1978 in
1053 1907 1116 1978 illa
1133 1909 1292 2000 contigit,

231 2032 350 2124 potius
370 2051 455 2105 casu
474 2038 649 2124 repertam
666 2051 774 2123 quam
795 2032 934 2106 ratione
953 2032 1185 2124 excogitatam
1200 2034 1294 2136 *veri-

229 2161 336 2230 tatem
357 2157 468 2230 dicas.
491 2158 531 2230 ld
550 2164 670 2230 tamen
693 2158 867 2231 intactum
888 2159 1068 2241 omittam;
1090 2159 1183 2240 imo,
1205 2177 1289 2231 auc-

228 2282 315 2354 toris
344 2282 533 2355 sentcntiae
558 2281 740 2364 accedam,
770 2299 978 2371 quanquam
999 2282 1089 2353 milri
1115 2290 1291 2373 repugnat

230 2422 303 2476 rem
329 2405 408 2477 sine
434 2406 507 2477 ullo
533 2411 761 2497 argumento,
787 2404 866 2477 sine
891 2403 966 2476 ulla
991 2403 1202 2494 scriptorum
1230 2412 1292 2478 aut

229 2536 543 2603 monumentorum
558 2530 766 2602 auctoritate
781 2527 1156 2620 acciperavideamns
1171 2535 1289 2601 autem

229 2671 309 2744 quae
328 2661 493 2726 secutura
511 2653 596 2727 sint.

276 2777 379 2863 Quod
406 2777 437 2850 si
468 2779 597 2850 itares
621 2778 808 2862 sehabet,
838 2795 985 2850 necesse
1013 2784 1134 2849 estut
1163 2782 1290 2850 cuncta

228 2899 351 2992 figlina
378 2901 514 2994 sigilla,
544 2904 583 2974 in
610 2903 811 2974 Graecorum
832 2901 1005 2992 sepulcris
1032 2899 1215 2991 deposita,
1243 2900 1290 2973 ad

228 3025 394 3097 cumdem
428 3026 580 3099 tendant
610 3025 740 3110 linem,
770 3026 904 3097 scillcet
936 3031 976 3096 ut
1009 3024 1130 3096 omnia
1162 3031 1290 3116 myste-

227 3147 361 3220 riorum
396 3150 602 3241 religionem
632 3167 714 3220 vera
740 3149 896 3240 imagine
919 3147 1085 3221 referant.
1113 3147 1153 3217 ln
1180 3165 1288 3236 quarn

227 3271 418 3364 ancipitem
438 3274 531 3346 viam
560 3275 628 3346 hoo
657 3272 847 3345 consilium
874 3270 1083 3363 produxerit
1110 3270 1285 3361 interpre-

225 3401 317 3484 tem,
339 3416 420 3487 quae
446 3397 581 3471 incerta
600 3405 634 3470 et
658 3396 805 3469 insolita
830 3392 1078 3486 excogitaverit
1100 3393 1146 3465 ad
1170 3394 1284 3485 expli-

225 3520 374 3592 candam
392 3521 589 3613 sigillorum
610 3521 765 3612 speciem
784 3519 1086 3600 diversissimam,
1106 3535 1180 3588 non
1199 3517 1286 3589 satis

224 3643 393 3715 admirari
435 3645 529 3717 licet.
584 3647 675 3716 Sunt
695 3644 857 3734 cuidem
905 3642 1071 3733 plurimae
1112 3641 1299 3731 imagines¹

226 3785 326 3856 quae,
349 3768 466 3858 specie
485 3787 691 3859 quanquam
711 3768 873 3859 vulgares
897 3772 960 3838 aut
979 3764 1205 3847 deridiculae,
1226 3783 1283 3835 ar-

225 3890 333 3963 tificio
354 3891 510 3983 quodam
537 3893 658 3964 solerti
686 3891 731 3963 ad
760 3909 816 3962 res
839 3908 956 3962 sacras
983 3887 1105 3960 referri
1128 3889 1269 3979 possint

227 4014 371 4106 Siquid
395 4016 490 4087 enim
516 4034 681 4107 rogamus
706 4014 750 4086 de
773 4014 917 4086 comicis
940 4012 1122 4104 personis,
1146 4011 1190 4083 de
1213 4011 1286 4081 his-

259 4288 298 4359 (l)v
309 4294 431 4358 Biardot‚
444 4311 469 4360 p.
485 4295 573 4346 53-54.
587 4294 626 4347 Ol.
643 4297 759 4360 append.
776 4252 821 4355 (l).¹
851 4358 854 4364 ³
912 4255 927 4347 ,¹
