3246 5234
828 493 988 554 ..92-

377 631 446 705 reis
489 634 616 705 statuis
654 633 894 724 exprimitur;
937 631 1073 704 nudata
1113 637 1232 703 autem
1271 639 1306 705 et
1346 649 1444 723 genu

376 758 461 828 nixa
483 754 529 852 (1)
557 777 578 828 a
602 758 746 830 Daedale
777 759 934 848 primum
961 757 1107 829 inventa
1143 756 1316 839 traditum
1356 756 1440 828 hine

377 881 493 965 nuda,
516 900 597 973 quae
616 884 719 974 vulgo
747 882 908 965 Pudiea;
933 882 1055 965 illine,
1079 900 1161 973 quae
1185 881 1440 972 Anadyemene

288 997 291 1004 ’
376 1005 505 1078 dieitur
524 1005 569 1102 (1)
587 1062 595 1090 ,
614 1007 801 1080 Praxitelis
822 1014 856 1079 et
875 1007 1010 1098 Apellis
1030 1008 1239 1090 austeritate
1258 1006 1440 1079 illustran-

376 1137 446 1204 tur.
476 1130 604 1223 Neque
631 1132 701 1204 alia
728 1132 860 1204 desunt
881 1139 1116 1204 monumenta
1138 1131 1271 1223 thus
1298 1130 1441 1209 demen-

376 1263 488 1329 strare
508 1258 630 1340 liceat,
654 1258 794 1348 quoties
818 1276 876 1328 ars
897 1256 1022 1348 figlina
1040 1259 1078 1328 in
1098 1256 1231 1333 divinis
1251 1255 1440 1332 mnfieien·

312 1456 315 1462 ,
376 1382 431 1455 dis
447 1382 665 1473 imaginibus
681 1381 825 1455 abunde
840 1401 905 1454 usa
921 1383 967 1454 sit
983 1382 1165 1453 statuariis
1181 1381 1360 1472 exemplis
1374 1376 1437 1475 (5).

426 1507 602 1580 Omnibus
620 1506 678 1578 his
694 1507 914 1599 argumentis
928 1506 1158 1578 manifestum
1172 1513 1331 1598 apparet,
1345 1505 1442 1597 qued

379 1632 425 1705 sit
457 1634 496 1704 in
534 1632 713 1724 fingendis
762 1633 890 1724 sigiliis
927 1633 1119 1705 eonsilium
1153 1631 1323 1714 artificis,
1371 1649 1441 1722 quo

377 1758 483 1830 medo
508 1776 650 1829 emnem
678 1757 841 1829 intendat
868 1776 988 1829 euram
1015 1757 1061 1828 ad
1087 1756 1282 1832 iermarum
1301 1758 1441 1848 elegan-

377 1885 462 1956 tiam
491 1889 526 1955 et
553 1884 780 1966 varietatem,
812 1882 900 1974 quid
932 1884 1045 1955 valeat
1073 1882 1245 1972 emptoris
1280 1882 1442 1953 voluntas

377 2009 460 2099 qni,
488 2000 553 2079 s'ue
581 2006 775 2089 arbitratu,
808 2006 936 2098 sigiliis
966 2005 1036 2078 sihi
1066 2005 1280 2097 comparans
1305 2005 1439 2086 utitur,

377 2152 484 2224 quarn
507 2132 656 2204 diversis
682 2132 809 2204 usibus
829 2131 885 2204 hae
910 2132 1149 2222 imagunculae
1175 2129 1443 2203 accommeden-

376 2262 457 2339 tur,
479 2275 551 2347 qua
570 2256 656 2328 artis
677 2255 925 2327 vicissitudine
945 2254 1172 2326 variaverint.
1192 2253 1236 2325 m
1257 2254 1371 2335 enim,
1401 2252 1445 2324 de

375 2383 496 2472 aliqua
524 2400 562 2453 re
587 2381 755 2452 nonnihil
782 2386 945 2471 superest
973 2379 1223 2455 dubitationis.
1252 2379 1319 2465 Qui
1340 2377 1381 2450 fit
1406 2384 1446 2449 ut

378 2508 489 2580 Graeei
531 2506 672 2578 divinas
712 2506 999 2596 domesticasque
1041 2504 1215 2595 imagines
1256 2502 1443 2582 acervatim

374 2633 476 2722 Juxta
501 2631 687 2703 deiunetes
712 2628 968 2733 deposuerint?
987 2631 1032 2701 Ut
1058 2629 1198 2720 sigilla,
1227 2629 1310 2701 lieet
1333 2627 1446 2708 iorma

376 2762 410 2829 et
443 2762 518 2826 arte
550 2755 816 2838 diversissima,
847 2754 1012 2829 eumdem
1043 2773 1125 2844 erga
1160 2756 1282 2827 Manes
1309 2753 1445 2832 nultum

376 2877 676 2971 significaverint?
696 2878 798 2965 Qued
825 2880 971 2970 quidem
999 2898 1066 2951 nes
1087 2878 1225 2952 inducit
1246 2880 1285 2950 in
1316 2896 1444 2955 noram

378 3004 586 3095 disputandi
612 3004 726 3087 riam,
749 3024 830 3095 quae
849 3004 896 3076 ad
920 3005 999 3096 ipsa
1021 3005 1147 3077 iunera
1172 3011 1280 3095 atque
1299 3003 1445 3088 deiunt·
1480 3076 1482 3079 ,

377 3138 496 3203 terum
518 3129 726 3221 religionem
747 3130 913 3221 pertinet.

410 3387 442 3449 (1)
460 3387 508 3447 id..
523 3399 565 3446 vr,
582 3386 616 3448 pl.
635 3385 675 3442 17;
692 3399 740 3446 vn,
755 3400 782 3448 p.
797 3383 836 3435 90.
853 3381 893 3436 01.
908 3383 1025 3446 Martha,
1037 3382 1196 3437 noeumane
1210 3384 1241 3434 de
1255 3381 1315 3436 tau
1328 3383 1445 3444 antique.

378 3475 481 3537 pubiie's
496 3487 543 3536 par
558 3472 592 3523 Μ.
610 3473 709 3536 Rayet,
727 3473 792 3523 fasc.
807 3486 843 3529 1v.
865 3474 947 3522 Venus
961 3474 992 3522 de
1010 3475 1113 3523 Vienna.

408 3562 442 3626 (1)
461 3563 510 3623 id,
526 3576 577 3623 vn,
594 3579 619 3626 p.
636 3561 723 3611 88-90.

410 3651 443 3714 (3)
458 3649 499 3700 cf.
513 3650 579 3700 unit,
595 3652 626 3701 de
638 3664 704 3701 eurr.
719 3651 819 3706 deiide..
835 3661 885 3712 vu,
899 3666 924 3716 p.
939 3649 1028 3702 tra-92.
1043 3649 1190 3716 Colligrtpu¹
1206 3647 1450 3714 1111111111)Μο-

379 3740 444 3802 logie
458 3753 576 3804 praeque.
593 3755 618 3803 p.
634 3739 751 3789 tae-241.
