3270 5244
618 497 776 573 ...19-

164 633 259 720 licei,
276 641 329 708 tot
346 634 458 722 luisse
476 634 516 708 in
531 633 749 728 privatarum
766 634 899 726 aedium
918 635 1058 710 lareriis
1078 635 1227 729 Cybeles

165 765 227 832 aut
253 759 390 833 Cereris
417 768 452 833 et
478 760 700 853 Proserpinae
726 762 936 846 simulacra,
959 767 1047 853 quot
1073 762 1228 858 nuncin

166 885 338 977 sepulcris
356 884 518 978 reperta?
537 886 631 972 Quid
646 905 712 959 nos
733 894 880 960 monent
902 886 1078 977 ejusmodi
1095 885 1225 976 sigilla,

165 1008 237 1087 nisi
256 1010 438 1101 propriam
458 1027 538 1083 esse
564 1010 715 1081 mortuis
742 1009 970 1101 religionem,
992 1028 1013 1080 a
1034 1008 1228 1080 viventium

165 1133 336 1225 religione
356 1134 542 1224 paululum
563 1132 801 1205 dissimilem‘.l
815 1132 1000 1220 Quosdam
1021 1152 1100 1205 esse
1118 1132 1226 1214 deos,

166 1234 299 1347 quibus
319 1262 402 1327 anie
425 1274 550 1328 omnes
576 1255 779 1328 satisfacere
807 1262 841 1329 el
866 1255 1045 1328 confidere
1071 1253 1228 1327 deiuncli
1277 1284 1280 1294 .

166 1377 356 1451 solebant?
375 1378 526 1465 Quodsi
546 1379 722 1463 viventes,
740 1379 779 1450 in
804 1398 1030 1471 quocumque
1045 1380 1126 1451 vilae
1145 1397 1225 1468 mo-

165 1510 305 1587 mento,
334 1503 373 1574 in
394 1522 620 1595 quacumque
639 1522 766 1596 opera,
789 1504 875 1577 deos
903 1505 1035 1577 babere
1054 1494 1228 1595 propitios

164 1634 359 1719 curarunt,
381 1626 485 1717 'quid
518 1627 649 1698 mirum
682 1628 713 1699 si
747 1627 925 1700 defunctis
950 1646 1095 1718 quoque
1123 1625 1227 1697 beni-

163 1769 271 1843 gnam
303 1751 451 1824 deorum
486 1752 634 1824 tutelam
669 1770 748 1825 esse
784 1751 1043 1824 conciliandam
1084 1757 1228 1842 putave-

166 1881 251 1945 runi
281 1871 358 1968 (l)‘l
384 1874 446 1945 His
475 1875 572 1946 enim
603 1881 685 1946 anie
709 1874 800 1947 alios
831 1892 948 1965 operm
975 1875 1129 1965 prelium
1154 1879 1229 1945 erat
1349 1948 1351 1952 Α

167 1995 290 2069 divino
315 1997 471 2088 quodam
498 1999 695 2089 patrocinio
722 2000 798 2082 uli,
820 2017 900 2070 cum
928 1998 973 2070 ad
997 1999 1125 2072 Orcum
1150 1997 1229 2069 des·

163 2118 401 2207 ,condentibus
432 2119 593 2210 ignotum
625 2127 762 2212 pateret
794 2121 882 2213 iter,
913 2120 1094 2193 horrenda
1126 2125 1229 2219 nocte

146 2243 386 2344 involutum,
409 2244 548 2332 limosis
568 2245 780 2317 fluminibus
800 2245 1034 2337 impeditum,
1057 2244 1229 2317 monstris

166 2366 342 2457 saevisque
360 2358 577 2453 Numinibus
598 2366 778 2456 relerlum.
803 2368 891 2439 Cum
914 2373 1033 2439 aulem
1057 2368 1096 2437 in
1120 2365 1228 2437 rebus

166 2488 718 2583 funebribusNuminaquaedam
730 2494 863 2584 majore
872 2494 1081 2566 auctoritate
1091 2499 1230 2565 uteren-

165 2621 236 2700 tur,
256 2616 303 2688 ad
327 2617 470 2703 illorum
497 2617 705 2710 religionem
734 2619 853 2691 Studia
876 2618 970 2709 vulgi
991 2618 1227 2713 inclinabam.

156 2738 249 2825 -ldeo
261 2741 426 2832 plurimae
438 2748 524 2814 sunt
537 2744 744 2834 Magnarum
757 2746 911 2816 boarum
924 2743 1230 2834 imagineseGrae·

114 2918 116 2922 »
167 2882 288 2948 corum
312 2865 485 2957 sepulcris
509 2867 670 2950 effossae,
694 2868 873 2960 praecipue
897 2876 1015 2957 aulem
1041 2869 1232 2957 simulacra

168 2986 304 3074 Cereris
321 3008 402 3080 quae
417 3008 532 3081 usque
547 2990 593 3062 ad
609 2992 841 3095 recentiorem
857 2999 997 3081 aetatem
1014 2992 1138 3065 eadem
1155 3002 1239 3083 spe·

116 3161 120 3166 -
167 3113 219 3186 cie
243 3113 402 3206 lingitur,
425 3134 509 3199 sen,
531 3115 637 3188 mitra
658 3117 764 3209 capiti
783 3117 973 3209 imposita,
996 3119 1034 3190 in
1061 3117 1151 3189 solio
1172 3135 1228 3189 se·

114 3253 115 3257 ‘
168 3236 249 3308 deal
270 3233 335 3329 (ᾖ),
359 3255 436 3320 seu,
458 3239 558 3311 nullo
579 3258 738 3331 corpore,
760 3240 910 3312 formam
931 3240 1057 3330 capitis
1078 3238 1230 3310 obvelari

168 3365 202 3431 el
220 3378 352 3433 severa
370 3359 498 3432 ironiis
517 3362 674 3452 praebeat
706 3357 770 3455 (5).
797 3363 894 3434 Alias
915 3369 1034 3434 autem
1055 3361 1230 3451 reperitur

201 3641 234 3707 (i)
251 3641 464 3704 ld.,liccbcrcl1cc
479 3641 722 3708 curlerfipuresde
741 3642 843 3708 femmas
859 3641 950 3694 eolides
968 3643 1138 3707 (bonomonte
1154 3653 1232 3705 precs,

171 3730 238 3793 1873,
249 3747 275 3796 p.
291 3730 341 3796 22).
356 3728 397 3781 Gi.
412 3733 529 3796 append.
544 3732 604 3798 (15).
791 3790 792 3793 Ἴ

202 3809 234 3884 (ii
253 3821 372 3885 Heumy,
390 3820 438 3884 iu,
454 3837 481 3886 p.
497 3820 534 3872 17.
548 3819 588 3872 Cf.
605 3824 720 3887 Appcud.
734 3821 793 3887 (16).
809 3820 848 3873 Ol.
866 3820 1054 3886 Staclrelberg,
1075 3821 1120 3871 Die
1136 3817 1232 3872 Graeber

169 3911 213 3960 der
230 3910 369 3972 Bellonae,
385 3899 421 3975 pl.
437 3912 468 3974 83
490 3910 624 3972 Parnetbo,
643 3913 801 3963 Tarraconen
822 3913 865 3962 dee
885 3911 1056 3975 boniplicben
1072 3912 1183 3961 Murcum
1198 3922 1233 3961 zu

170 3999 274 4061 rorare,
297 4000 337 4063 pr.
356 3999 378 4066 r,
398 3999 430 4061 a,
444 3999 467 4050 a.
1139 3984 1141 3988 “

201 4089 236 4153 (3)
252 4089 370 4154 Henzey,
389 4090 436 4152 iu,
447 4106 473 4154 p.
490 4089 570 4141 l'l-ab.
586 4088 626 4142 Oi.
641 4090 761 4154 Appeud.
775 4092 785 4155 (
790 4089 835 4154 17).
855 4088 895 4140 Gi.
911 4089 1026 4150 Mariba,
1044 4087 1180 4150 Catulopoe
1191 4087 1233 4136 des

168 4176 307 4241 Murices,
321 4186 351 4227 n⁰
365 4177 429 4236 mo,
445 4178 480 4242 pl.
493 4178 521 4240 8,
538 4187 567 4229 11⁰
580 4178 604 4229 2.
621 4177 776 4243 Gobigmn,
798 4178 901 4231 lioouel
919 4177 1101 4240 o'orcbcolopie
1117 4186 1231 4238 praeque,

170 4280 195 4329 p.
210 4265 269 4328 242,
289 4268 333 4331 flg.
348 4267 390 4318 ll.
437 4322 442 4332 ,
