3270 5244
636 515 798 577 -l7-

182 659 330 733 verbum
349 659 606 753 depauperando
625 655 765 736 attinet,
783 669 857 726 non
877 660 932 726 est
950 652 1047 744 quod
1062 653 1173 726 ullam
1188 653 1253 726 ‘tri-

149 819 154 848 ·.
184 783 338 857 buamus
353 780 461 853 iidem
477 780 509 852 ei
525 779 588 872 qui
606 797 738 851 nomen
751 796 794 852 ex
811 780 892 870 ipsa
908 777 1054 851 Butadis
1071 776 1157 862 lilia,
1173 797 1254 871 quae

183 910 264 1003 κόρη
282 907 547 999 appellabatur,
565 905 710 978 ductum
731 922 811 976 esse
829 911 950 977 censet
972 900 1036 998 (l).
1054 904 1132 976 Non
1152 903 1253 995 prius

185 1033 281 1105 enim
301 1032 394 1103 valet
413 1030 481 1102 boc
498 1030 646 1102 verbum
665 1028 704 1100 in
722 1029 842 1101 Graeco
857 1045 1022 1101 sermone
1037 1049 1145 1120 quam
1163 1029 1254 1100 oria-

185 1162 244 1228 tur
266 1154 437 1228 saeculum
464 1159 548 1226 ante
574 1153 658 1225 Chr.
689 1160 856 1243 quartum
880 1176 888 1223 ε
912 1171 982 1243 quo
1009 1160 1186 1245 tempore,
1216 1143 1256 1226 ut

185 1286 293 1353 antea
310 1279 482 1360 diximus,
503 1276 681 1369 imprimis
699 1277 934 1351 abundabant
955 1279 1072 1370 sigilla
1086 1279 1133 1351 ad
1147 1281 1255 1352 vitam

187 1404 417 1479 domesticam
437 1403 667 1494 pertinentia.
691 1403 779 1475 Cum
801 1402 909 1493 igitur
927 1404 1093 1494 plurimae
1112 1404 1254 1481 adoles·

188 1531 409 1604 centulorum
421 1535 456 1600 et
471 1528 649 1619 virginum
663 1527 838 1618 imagines
852 1526 1117 1619 effingerentur‚
1132 1532 1256 1605 eodem

188 1639 334 1726 nomine
358 1650 466 1748 (κόροι,
487 1649 585 1747 κόραι)
605 1651 722 1742 sigilla
739 1650 951 1724 dicebantur
968 1677 976 1724 ι
995 1653 1091 1745 quod
1111 1655 1258 1746 quidem

190 1797 232 1851 ex
251 1778 410 1868 antiquis
431 1776 614 1868 glossariis
635 1783 773 1849 constat
795 1772 861 1871 (l).

239 1903 307 1990 Qui
321 1901 460 1993 primus
474 1902 518 1974 de
533 1901 656 1992 figlino
672 1900 828 1990 quodam
844 1900 1034 1975 simulacro
1046 1904 1152 1977 verba
1162 1905 1257 1990 iacit,

192 2029 436 2120 Hippocrates,
454 2026 499 2099 de
516 2026 673 2118 fingendi
690 2026 829 2098 ratione
844 2026 947 2116 plura
961 2029 1120 2118 exponit,
1139 2029 1202 2103 sed
1217 2030 1262 2105 de

192 2152 283 2245 licta
302 2151 469 2245 imaginis
489 2151 606 2243 specie
626 2157 716 2224 tacet
739 2148 803 2245 (5).
825 2150 998 2224 Nonnihil
1013 2153 1109 2243 apud
1128 2155 1262 2229 Aristo·

192 2279 347 2369 phanem
368 2277 593 2358 invenimus,
617 2276 714 2367 quod
732 2275 779 2348 ad
804 2275 1002 2368 sigillorum
1024 2297 1131 2350 usum
1156 2283 1263 2371 perti·

193 2421 278 2475 nere
295 2403 435 2476 videtur
453 2427 460 2474 :
479 2420 608 2493 magna
622 2408 740 2474 autem
758 2400 798 2474 fit
813 2400 985 2474 discessio
1003 2400 1097 2475 inter
1111 2411 1259 2487 veteres,

94 2541 96 2544 ·
195 2527 288 2599 sitne
306 2526 456 2600 Vulcani
483 2525 608 2617 figlina
633 2524 784 2616 effigies,
807 2544 888 2616 quae
909 2525 1038 2599 dicitur
1062 2528 1100 2599 in
1124 2528 1264 2602 camino

195 2651 312 2742 posita
331 2658 503 2742 tanquam
523 2638 702 2736 ἐπιστάτης,
719 2669 765 2721 an
786 2650 885 2723 aliud
901 2651 1081 2741 quoddam
1099 2653 1265 2745 coquina·

198 2777 289 2847 rium
300 2775 579 2848 instrumentum
593 2772 775 2870 (l).Apud
787 2775 953 2848 eumdem
964 2786 1106 2867 poetam
1117 2778 1264 2851 verbum
1341 2784 1344 2790 '

198 2896 445 2993 dacarvvddeopa
475 2900 777 2991 deprehenditur,
799 2919 870 2990 quo
897 2900 1165 2993 significantur,
1191 2911 1263 2977 tes-

199 3027 295 3094 tante
329 3024 448 3096 Graeco
481 3024 694 3115 interprete,
726 3024 851 3116 figlina
883 3026 1046 3116 quaedam
1077 3028 1268 3101 simulacra

201 3146 440 3238 sculptoribus
452 3153 487 3220 et
498 3147 694 3239 pictoribus
704 3149 750 3224 ad
760 3148 996 3224 imitationem
1006 3150 1265 3247 propositalc).
1300 3161 1301 3164 ‘

233 3483 270 3548 (l)
281 3483 456 3548 Athenagor„
469 3482 525 3548 Lep.
540 3499 581 3549 pr.
599 3486 703 3544 chrisa,
720 3486 756 3542 lt,
772 3501 798 3550 p.
811 3485 851 3537 59.
864 3483 903 3537 Ol.
915 3484 1050 3549 Blilmnar,
1068 3486 1230 3551 chboologt'c
1241 3502 1270 3539 ιι.

204 3570 387 3637 Τειιιιίιιοίοριο
402 3575 446 3625 der
462 3572 575 3626 Gewcrbc
588 3589 614 3624 ιι.
631 3576 735 3637 Kdnste,
749 3589 777 3637 11,
793 3590 820 3638 p.
836 3574 888 3634 129,
901 3577 980 3626 Anm.
997 3575 1022 3626 2.

237 3661 270 3726 (2)
284 3660 324 3712 Ol.
339 3662 495 3728 Harpocrat.
514 3669 541 3715 et
557 3664 698 3729 Etymolop.
712 3666 789 3726 lico..
804 3678 825 3714 s.
841 3679 866 3715 v.
881 3665 1043 3731 κοροπλάθος,
1058 3667 1235 3731 κοροπλάστης.
1321 3666 1325 3676 “

239 3753 270 3816 (3)
288 3753 453 3818 Ηὶρροοιεί.,
467 3754 487 3815 Ι,
503 3768 528 3818 p.
542 3754 588 3805 olo
600 3753 635 3805 K.
650 3752 690 3805 Cf.
706 3754 842 3817 Bliimuer,
857 3754 904 3804 loc.
919 3756 974 3813 cit..
991 3769 1016 3818 p.
1032 3753 1085 3815 116,
1100 3754 1180 3805 Anm.
1197 3755 1219 3806 5.

238 3840 270 3904 (l)
289 3842 434 3905 Aristopb„
449 3847 523 3899 Auca,
539 3858 564 3892 v.
580 3842 635 3893 luo.
650 3842 738 3894 Schol.
758 3864 764 3892 ι
783 3843 931 3903 Ἐπιστάτης
951 3841 976 3894 δὲ
994 3847 1100 3908 χαλκοῦς
1116 3844 1215 3910 τρίπους
1229 3862 1274 3911 χιι·

207 3931 324 3996 τρίποδος
338 3933 442 3984 ἐκτελῶν
455 3933 541 3999 χρείαν
557 3949 563 3963 ·
580 3936 603 3984 al
617 3935 643 3984 δί
656 3935 758 3994 τήλινον
774 3932 911 3998 Ἥφαιστον
925 3934 986 3999 πρὸς
1003 3937 1057 3992 ταῖς
1072 3934 1164 3992 ἑστίαις
1177 3935 1274 4001 ίδρνμέ-
1356 3965 1359 3969 Δ

194 4037 249 4071 »νον
263 4024 295 4078 ὡς
307 4022 394 4088 ἔφορον
407 4027 452 4072 τοῦ
466 4024 541 4088 πυρός
555 4039 560 4052 ·
580 4024 640 4074 ίνιοι
654 4023 681 4073 dl
693 4024 736 4072 καί
748 4024 817 4080 ξύλον
833 4022 948 4087 ἐπίμηκες
961 4025 1205 4087 πεπασσαλωμένον,
1221 4026 1274 4075 ὅθεν

209 4109 326 4174 ίΕοιρτῶοι
340 4113 372 4162 τὰ
387 4113 517 4178 μαγειρικὰ
530 4114 615 4172 σκεύη.

240 4199 274 4261 (5)
289 4198 399 4261 Beklier,
414 4202 551 4262 Aaccdoto,
567 4217 592 4265 p.
608 4200 663 4259 llo,
679 4200 729 4251 32:
746 4200 917 4267 Ἀριστοφάνης
930 4217 936 4230 ·
951 4219 963 4244 o
1022 4201 1094 4252 πάντ’
1108 4202 1150 4252 ἀπ’
1164 4203 1277 4268 &apopu-

211 4285 268 4338 σίων
285 4290 328 4338 καὶ
348 4294 398 4339 τῶν
418 4289 675 4354 ἀποκιννοιὸινμάτων.
693 4309 706 4336 ν
720 4289 793 4353 Λέγει
812 4291 859 4354 γὰρ
877 4290 919 4338 διὰ
936 4290 978 4353 μὲν
998 4293 1042 4339 τοῦ
1060 4290 1103 4339 ἀπ’
1122 4290 1275 4355 ἀκροφνσίων
