3246 5234
722 1368 864 1442 CAPUT
890 1367 1097 1441 TERTIUM.

426 1748 508 1815 oum
535 1749 580 1801 nx
604 1749 762 1816 turrours
783 1749 1002 1804 uouuunurrs
1029 1750 1073 1802 nn
1099 1749 1163 1804 usu
1188 1748 1391 1804 sroruuoauu
1452 1799 1455 1804 ,

752 1872 959 1928 courrnrun
985 1851 1062 1926 srr‘l

390 2257 393 2263 ·
425 2217 526 2288 Nunc
549 2215 783 2307 quaerendum
804 2223 878 2301 est,
904 2215 1032 2307 ecquid
1055 2218 1094 2288 in
1114 2217 1203 2308 ipsis
1224 2235 1437 2290 monumen·

295 2392 298 2396 ⁴
377 2341 448 2423 tis,
477 2341 743 2425 marmoribus,
776 2341 1013 2433 anaglyphis,
1044 2342 1212 2433 gemmis,
1243 2342 1347 2433 pictis
1378 2361 1438 2415 ra-

375 2467 447 2550 sis,
481 2467 527 2538 ad
553 2466 803 2559 explicandum
826 2466 1025 2558 sigillorum
1049 2486 1155 2539 usum
1182 2465 1326 2559 prosit?
1354 2468 1440 2553 Quae

324 2581 326 2583 ’
377 2586 544 2678 quidem,
566 2596 606 2660 ut
629 2589 777 2680 opinor,
800 2588 948 2660 omnino
975 2590 1207 2680 congruentia
1225 2607 1305 2661 cum
1325 2589 1438 2681 scrip·

345 2709 493 2782 'torum
519 2712 735 2783 testimoniis
765 2711 922 2799 senties,
952 2710 1002 2783 ita
1029 2716 1066 2781 ut
1097 2709 1143 2782 ad
1172 2710 1438 2783 diversissimos

377 2852 480 2919 usus,
503 2834 636 2907 scilicet
655 2836 701 2906 ad
720 2853 911 2927 puerorum
932 2835 1208 2919 delectamenta,
1227 2833 1273 2906 ad
1292 2835 1440 2907 deorum
1459 2821 1462 2826 ’

341 2942 343 2947 ’
377 2956 550 3050 privatam
577 2957 829 3050 publicamque
854 2958 1085 3050 religionem,
1111 2957 1158 3030 ad
1180 2957 1311 3030 aedium
1336 2976 1440 3030 orna·

377 3089 517 3167 menta,
557 3083 674 3175 sigilla
710 3083 822 3155 inisse
857 3082 1123 3156 accommodata
1158 3081 1359 3155 videantur.
1400 3082 1440 3154 ln

376 3206 621 3280 monumentis
657 3205 837 3298 quidem„
861 3209 961 3297 cujus
998 3207 1072 3278 sint
1104 3206 1263 3280 materiae
1295 3205 1437 3298 sigilla,

376 3332 577 3425 perspicere
603 3351 677 3403 non
706 3332 845 3415 licebit;
875 3332 1009 3422 quippe
1036 3331 1255 3421 quantuli,
1285 3330 1358 3401 nisi
1382 3347 1438 3403 re·

377 3475 455 3529 rum
471 3455 620 3528 formam
636 3463 670 3529 et
689 3457 842 3547 speciem
858 3455 1055 3546 praebeant.
1075 3457 1148 3526 Hoc
1165 3461 1284 3528 tamen
1301 3454 1351 3528 rei
1368 3453 1440 3526 dis·

376 3578 545 3670 putandae
563 3578 860 3681 impedimentum
878 3596 958 3650 esse
976 3596 1050 3649 non
1067 3576 1336 3660 existimamus,
1359 3594 1439 3649 cum

376 3719 443 3773 nos
471 3700 657 3773 docuerint
684 3707 846 3774 auctores
874 3700 1014 3791 antiqui
1042 3718 1164 3792 parem
1189 3717 1296 3773 usum
1329 3698 1440 3773 inisse

376 3826 719 3918 cujuslibet‘naturee
733 3826 874 3918 sigillis.

425 3951 645 4023 Paucissima
660 3951 768 4023 verba
784 3950 953 4023 iaciemus
974 3949 1018 4023 de
1034 3951 1246 4044 anaglyphis
1266 3955 1327 4022 aut
1344 3966 1439 4041 gem·

376 4072 445 4147 mis
464 4094 546 4166 quae
564 4074 670 4146 nohis
690 4073 843 4147 artifices
860 4074 899 4144 in
919 4074 1088 4165 fingendo
1108 4081 1297 4167 occupatos
1315 4080 1436 4147 osten·
1488 4058 1493 4067 ’

375 4198 479 4271 dunt.
503 4198 710 4288 Pervulgata
733 4203 786 4268 est
810 4197 848 4268 in
875 4199 1103 4291 sarcophagis
1123 4199 1307 4290 exsculpta
1325 4196 1439 4288 figura
