3270 5244
651 532 810 594 ..41-

195 670 321 746 'monio
348 670 566 764 percipimus
601 667 665 764 (1).
695 671 764 743 Fae
788 677 828 743 ut
855 653 1056 742 existimem
1082 669 1198 761 sigilla
1221 671 1266 744 ad
1295 679 1296 682 ‘

200 795 327 868 Baoehi
347 794 517 886 mysteria
536 794 728 885 pertinere,
748 793 802 865 rel
821 793 867 865 ad
882 793 1079 864 inferorum
1094 793 1262 875 Numina,

198 921 253 993 uel
273 919 319 991 ad
338 920 459 992 Manes
480 918 609 990 hostiis
626 916 823 1008 suppositis
838 916 1020 997 colendos,
1041 916 1142 987 nulla
1159 935 1266 989 rausa

199 1049 347 1124 ostoun,
377 1061 415 1115 re
442 1041 599 1132 cognita,
624 1040 764 1130 aliquid
783 1039 827 1113 de
855 1041 1025 1131 opinione
1044 1057 1123 1112 mea
1145 1058 1266 1113 oonoe·

199 1165 295 1238 dam.
313 1167 410 1247 imo,
432 1165 561 1256 ouique
581 1163 743 1255 opinioni
771 1182 828 1236 res
852 1182 1049 1236 consonare
1071 1162 1261 1236 videbitur.

198 1290 319 1362 Manet·
334 1288 442 1379 igitur
465 1287 571 1360 nobis
597 1287 735 1377 integra
760 1288 930 1378 quaestio,
956 1286 1099 1378 quaein
1126 1293 1264 1385 eontro·

199 1411 349 1483 versiam
369 1409 625 1492 adducebatur,
646 1409 781 1481 scilieet
800 1428 908 1500 quam
929 1409 974 1480 ob
995 1426 1137 1482 oausam
1153 1410 1263 1483 Graeci

195 1533 297 1623 juxta
316 1533 502 1629 defunctos
518 1532 643 1624 figlina
659 1532 777 1624 sigilla
795 1531 1051 1625 deposuerint?

228 1783 262 1844 (i)
276 1781 317 1833 Gi.
333 1783 450 1847 nemoy,
464 1783 511 1834 too.
526 1785 581 1844 eit,
596 1800 623 1849 p.
637 1784 680 1836 tta
695 1805 701 1833 ι
716 1803 728 1831 n
743 1783 765 1833 11
777 1789 818 1835 est
829 1799 902 1835 assez
914 1788 1016 1835 natural
1030 1787 1063 1836 da
1074 1791 1181 1836 trouver
1192 1788 1263 1851 quel·

199 1888 248 1934 que
262 1875 372 1924 relation
394 1878 468 1924 entre
483 1876 521 1924 les
535 1875 661 1938 figuriues
680 1884 707 1924 et
726 1876 750 1923 ia
767 1874 903 1925 condition
921 1877 953 1926 de
968 1877 1036 1926 celui
1051 1877 1146 1939 aupres
1166 1878 1262 1940 duquel
1339 1935 1341 1939 ¹

198 1962 261 2012 elles
279 1963 378 2012 etaient
395 1964 537 2025 de'pose'es;
556 1964 622 2013 mais
635 1965 691 2013 cela
704 1978 737 2013 ne
751 1968 814 2013 veut
827 1977 874 2026 pas
889 1964 944 2013 diro
956 1979 1007 2028 que
1021 1965 1045 2015 ie
1059 1966 1178 2029 principe
1197 1971 1222 2015 oi
1237 1967 1263 2015 la

197 2050 284 2101 raison
296 2051 426 2114 premiere
436 2050 469 2100 de
483 2054 527 2101 oet
538 2065 620 2115 usage
633 2050 673 2100 itit
688 2051 837 2101 l'iniention
852 2053 971 2102 formello
983 2053 1016 2103 de
1028 2054 1151 2116 designer
1165 2056 1190 2104 ia
1201 2068 1262 2105 con·

198 2139 280 2191 dition
294 2139 341 2190 des
355 2146 448 2190 morts.
464 2160 475 2184 υ
