3270 5244
817 460 979 526 -30-

365 606 464 671 uacat
479 594 544 692 (l).
562 597 600 671 Si
618 599 701 690 quis
720 598 855 672 divitiis
873 599 1094 685 abundaret,
1110 601 1141 674 sl
1161 598 1352 694 splendida
1372 617 1433 676 su-

362 722 560 815 -pelleotile,
587 723 711 796 multis
742 721 854 798 servis
884 731 1057 809 uteretur,
1085 724 1181 798 idem
1212 724 1359 799 curabat
1385 743 1432 800 ne

365 846 454 939 quid
477 865 497 920 e
525 847 723 921 commodis
743 847 823 921 istis
852 849 922 922 sibi
943 849 1109 922 defuncto
1128 848 1295 923 deficeret
1315 873 1325 921 ι
1346 850 1432 924 inde

280 978 282 987 ’
365 970 567 1044 lautissima
585 972 724 1055 lunera,
741 972 805 1044 ubi
819 979 872 1046 tot
889 980 1019 1057 restes,
1037 980 1089 1046 tot
1108 972 1361 1058 instrumenta,
1379 980 1432 1047 tot

364 1101 575 1167 ornamenta
595 1113 682 1167 auro
703 1101 765 1166 aut
784 1095 891 1167 ebore
910 1094 1068 1187 insignia
1087 1095 1254 1168 incendio
1273 1097 1349 1189 rogi
1368 1094 1431 1169 ab·

365 1218 621 1300 sumebantur3
644 1215 730 1290 inde
744 1217 850 1290 etiam
870 1216 1040 1290 humanm
1054 1216 1207 1290 victimae
1221 1235 1286 1309 pro
1301 1217 1430 1291 hostiis

363 1342 561 1427 trucidata,
583 1360 647 1414 seu
663 1342 851 1415 delunotus
864 1342 910 1414 ab
926 1342 1092 1416 hostibus
1109 1342 1235 1415 mortis
1255 1343 1429 1416 ultionem

364 1475 555 1560 repeteret,
577 1488 642 1542 seu
665 1487 786 1541 servos
810 1470 1052 1561 expostularet
1079 1469 1142 1561 qui
1164 1470 1219 1542 rel
1238 1468 1277 1540 in
1303 1469 1429 1542 interis

364 1595 470 1668 solito
494 1594 695 1667 ministerio
719 1595 951 1687 fungerentur
978 1592 1043 1689 (d).
1071 1594 1203 1667 ldoirco
1227 1595 1429 1687 accepimus

363 1735 437 1788 non
465 1717 582 1789 solum
608 1717 718 1789 boves
746 1723 853 1807 atque
879 1735 962 1789 ores
988 1716 1026 1787 in
1059 1717 1233 1789 honorem
1261 1716 1429 1791 P'atroolis

366 1857 477 1911 caesos
497 1837 627 1921 luisse,
649 1838 713 1911 sed
738 1839 844 1911 etiam
864 1857 976 1929 equos
1000 1846 1108 1932 atque
1131 1857 1254 1924 canes,
1276 1839 1354 1912 lteri
1374 1840 1427 1912 ta·

363 1964 568 2036 miliaritate
587 1982 691 2048 usos,
714 1971 749 2037 et
768 1965 925 2056 captivos
948 1967 1119 2056 Troianos
1139 1964 1327 2038 duodecim
1347 1985 1427 2038 cru-

362 2076 434 2162 deli
453 2090 560 2161 modo
580 2096 723 2162 necatos
747 2086 815 2184 (5);
839 2091 1055 2182 Polyxenam
1077 2109 1221 2182 quoque
1239 2090 1286 2164 ad
1305 2098 1427 2165 tumu-

362 2215 437 2288 lum
462 2215 611 2287 tlchillis
640 2223 724 2288 ante
748 2216 870 2288 oculos
897 2217 1099 2288 Graecorum
1121 2217 1334 2292 trucidatam
1360 2214 1426 2312 (ll.

363 2339 449 2424 Quae
477 2337 622 2428 quidem
650 2338 822 2409 immania
842 2337 1015 2410 sacrificia
1033 2339 1139 2412 nobis
1159 2340 1425 2423 demonstrant,

362 2479 434 2551 qua
455 2459 609 2533 verenda
632 2461 840 2533 auctoritate
864 2467 1049 2533 uterentur
1076 2461 1324 2535 detunctorum
1348 2463 1422 2536 lla·

362 2601 447 2665 nes,
469 2583 557 2655 adeo
584 2589 625 2655 ut
651 2584 862 2674 superstites
887 2583 986 2656 omni
1009 2591 1085 2657 arte
1105 2602 1166 2657 eos
1190 2585 1367 2676 propitios
1394 2589 1428 2656 et

362 2706 497 2780 faustos
517 2708 650 2781 habere
669 2715 896 2781 conarentur.

410 2831 498 2904 Cum
515 2839 633 2905 autem
656 2832 823 2906 homines
843 2835 978 2907 sensim
999 2854 1020 2906 a
1043 2835 1118 2908 tera
1132 2835 1337 2927 agrestique
1355 2834 1427 2907 vita

359 2954 406 3027 ad
430 2957 564 3029 cultum
591 2957 769 3030 mitiorem
798 2957 1070 3042 deducerentur,
1097 2977 1180 3031 mox
1203 2958 1427 3050 illis'displi·

359 3078 431 3152 cuit
457 3080 520 3152 illa
547 3099 687 3154 morum
715 3081 854 3166 feritas,
876 3101 957 3173 quae
983 3084 1173 3173 exsequias
1201 3083 1422 3155 cruentabat.

357 3204 491 3277 Eadem
512 3212 633 3278 tamen
657 3213 733 3279 erat
752 3225 834 3297 erga
855 3208 976 3280 Manes
997 3206 1212 3290 reverentia,
1235 3225 1301 3279 nec
1317 3206 1423 3298 quis·

359 3347 467 3419 quam
487 3330 605 3402 libens
629 3349 690 3402 eos
710 3330 826 3403 solitis
847 3331 1089 3403 fraudavisset·
1102 3330 1316 3403 honoribus.
1339 3330 1423 3404 ldeo

358 3451 405 3523 ad
424 3450 641 3526 deverticula
660 3453 825 3545 quaedam
845 3453 1066 3545 contegitur,
1090 3472 1243 3545 quorum
1259 3454 1424 3545 exempla

388 3787 421 3855 (l)
438 3787 478 3840 Cf.
501 3785 621 3850 Homer„
645 3783 748 3851 Odpsr„
766 3799 811 3848 xx,
833 3784 938 3839 att-ata
955 3795 982 3840 et
1002 3786 1085 3841 Schol.
1107 3787 1303 3841 extractiores
1323 3787 1421 3847 toireio

358 3877 418 3946 ’ᾼδῃ
435 3884 540 3930 τοιαῦτα
551 3878 668 3945 πράττειν
684 3878 726 3928 olor
737 3879 779 3928 καὶ
793 3880 818 3929 ἐν
831 3881 904 3938 ζῶσιν
919 3879 1052 3932 ἐποίουν.»

389 3967 422 4032 (2)
440 3967 558 4030 Romen,
572 3967 644 4030 llice,
659 3979 739 4027 xxxn,
755 3966 808 4018 tta.
827 3966 972 4031 Plutarch.‚
990 3967 1179 4034 Philopoemen,
1193 3966 1234 4018 at.
1250 3967 1372 4030 Luciam„
1388 3969 1423 4019 De

357 4056 433 4116 luctu,
449 4072 506 4121 cap.
524 4056 560 4106 tl.

384 4145 421 4210 (3)
437 4145 559 4208 Romen,
574 4146 627 4206 td..
645 4160 670 4196 v.
682 4142 800 4196 til-lto.
913 4160 917 4169 ·

387 4235 421 4299 (d)
437 4233 567 4300 Euripid,
581 4237 648 4298 Hoc,
663 4248 690 4287 v.
707 4233 794 4296 to-tt,
811 4233 921 4299 tot-tta,
933 4234 1044 4306 dil-582.
