3270 5244
644 650 804 714 -25-

194 791 285 863 Sunt
304 789 451 880 quidem
470 788 640 862 mulieres
659 788 928 873 ambulatrices,
951 790 1053 881 pueri
1078 788 1257 874 ludentes,

181 913 436 986 adolescentes
461 912 550 984 nudi
570 921 632 987 aut
652 912 815 986 tunicati.
838 913 909 987 Sed
928 914 1029 986 nullo
1050 913 1156 987 modo
1180 932 1259 987 eum

193 1037 273 1110 aliis
291 1036 503 1110 funebribus
518 1035 643 1130 figuris
659 1036 897 1121 dissentiunt;
916 1038 1035 1129 specie
1050 1056 1259 1129 quanquam

194 1162 352 1233 bumana
369 1159 520 1244 indutae,
541 1161 634 1233 nihil
653 1143 848 1234 viventium
867 1162 950 1234 ritae
969 1162 1187 1253 exprimunt,
1210 1167 1256 1243 et.

194 1291 367 1375 tanquam
391 1283 587 1357 inferorum
610 1284 731 1368 Genii,
754 1303 834 1357 oum
854 1285 1080 1360 volitantium
1100 1284 1259 1360 Manium

194 1408 303 1480 ebore
322 1408 586 1493 consociantur,
609 1428 762 1500 quorum
784 1417 947 1481 naturam
967 1410 1013 1482 ab
1032 1410 1131 1482 omni
1151 1416 1260 1482 mate-

194 1534 248 1606 ria
265 1534 462 1624 sejunctam
483 1541 517 1607 et
539 1533 689 1606 formam
710 1534 789 1606 sine
808 1552 954 1626 corpore
973 1536 1168 1607 humanam
1189 1534 1259 1608 sibi

194 1658 376 1732 vindicant
399 1655 464 1753 (l).
487 1659 591 1732 Haud
610 1658 808 1732 insolenter
825 1658 947 1743 debat,
965 1666 1005 1732 ut
1023 1659 1152 1733 artilex
1171 1678 1193 1732 a
1210 1658 1260 1732 vi-

193 1783 351 1855 rentium
366 1782 552 1856 laboribus
569 1789 603 1856 et
616 1783 712 1856 ludis
731 1802 815 1855 suas
831 1790 1055 1858 mutuaretur
1068 1784 1257 1876 imagines,

194 1923 266 1977 non
288 1912 407 1979 autem
428 1925 508 1997 quae
522 1906 717 1979 viventium
738 1905 897 1990 interra,
920 1907 985 1980 sed
1005 1925 1085 1997 quae
1104 1912 1260 1979 mortuo·

195 2047 272 2100 rum
292 2029 332 2100 in
351 2030 482 2122 Elysiis
498 2037 596 2127 gesta
616 2030 869 2123 exprimerent.
888 2030 1049 2121 Siquam
1070 2030 1262 2121 effingebat

194 2152 365 2245 virginem
386 2155 552 2228 ossiculis
576 2162 638 2228 aut
658 2156 733 2247 pila
751 2155 953 2238 ludentem,
976 2155 1065 2245 quid
1083 2155 1122 2226 in
1141 2163 1261 2229 mente

195 2276 367 2360 babebat,
394 2277 467 2350 nisi
486 2284 526 2350 ut
546 2278 676 2368 quietae
696 2278 778 2350 vitae
796 2263 935 2350 ludicra
950 2277 1056 2349 etiam
1075 2278 1114 2363 in
1135 2279 1260 2351 inieris

193 2399 325 2471 usitata
345 2399 549 2473 ostenderet
579 2396 653 2494 (lli
675 2401 791 2472 Simili
814 2400 920 2473 modo
945 2401 1154 2493 intepretari
1178 2402 1261 2476 lioe·

193 2520 258 2606 bit,
276 2524 528 2615 quodcumque
543 2524 661 2597 adres
678 2526 856 2597 humanas
873 2525 1052 2617 pertinere
1067 2526 1258 2616 videbitur.

244 2645 321 2730 Qua
340 2647 490 2736 antiqua
513 2647 685 2739 religione
705 2647 817 2720 Graeci
842 2647 1059 2720 crediderint
1074 2647 1261 2722 defunctos

195 2767 387 2839 humanam
404 2767 600 2858 quamdam
616 2770 723 2842 vitam
744 2770 860 2843 vivere
880 2771 918 2841 in
940 2770 1080 2850 inieris,
1100 2790 1174 2843 uon
1194 2789 1261 2843 nos

194 2888 282 2982 lugit
309 2897 417 2981 atque
442 2891 513 2982 ipsi
533 2911 648 2983 nuper
668 2894 901 2984 exposuimus
932 2890 997 2988 (5).
1023 2894 1126 2967 llaud
1154 2894 1262 2985 igitur

193 3029 284 3104 aegre
301 3012 516 3104 accipiemus
536 3014 718 3098 lictorem,
739 3015 846 3088 etiam
870 3017 908 3087 in
929 3016 1189 3107 componendis
1208 3017 1261 3090 lu·

194 3136 366 3212 nebribus
386 3137 533 3229 sigillis,
555 3139 601 3211 ad
620 3158 740 3212 rerum
758 3141 997 3213 bumanorum
1021 3142 1260 3214 imitationem

193 3260 387 3352 aliquando
407 3263 615 3336 inclinasse.
642 3265 692 3336 be
715 3263 783 3336 bec
808 3271 928 3336 autem
952 3266 1129 3336 nonnulla
1155 3283 1261 3355 supe·

194 3390 265 3459 rest
295 3385 491 3471 dubitatio,
519 3407 606 3460 num
638 3388 759 3460 omnia
789 3387 966 3478 ejusmodi
996 3389 1187 3461 simulacra
1214 3389 1260 3463 ad

194 3527 250 3581 res
269 3508 447 3584 funebres
460 3518 494 3586 et
514 3512 560 3584 ad
585 3512 782 3590 inferorum
809 3513 964 3584 Numina
983 3513 1127 3604 proprie
1151 3514 1261 3606 perti·

193 3633 321 3706 neant?
348 3636 505 3721 Quodsi
539 3638 659 3729 opifex
686 3639 781 3711 bano
813 3645 944 3712 certam
977 3644 1012 3711 et
1044 3639 1260 3730 praefinitam

194 3755 232 3827 in
251 3764 370 3833 mente
390 3760 527 3836 babuit
541 3760 748 3852 opinionem
760 3817 769 3847 ‚
781 3762 976 3835 omniaad
994 3763 1184 3853 exsequias
1204 3781 1260 3835 ac·

223 4062 256 4128 (l)
273 4063 391 4128 Heuzey,
415 4064 467 4117 Sor
481 4068 515 4118 les
529 4069 645 4132 oriqines
664 4069 693 4119 de
712 4067 861 4122 i'indurtrie
874 4070 917 4121 des
933 4071 1009 4121 ter'res
1023 4069 1102 4120 cuites
1114 4069 1204 4132 (deod.
1219 4070 1261 4119 des

192 4151 370 4223 inscriptions,
384 4154 411 4205 17
428 4169 490 4207 nov.
507 4157 585 4222 1882),
601 4174 626 4222 p.
638 4158 722 4209 aaut.
738 4159 777 4210 Cf.
796 4159 915 4225 Appeod.
932 4159 992 4223 (22).
1007 4158 1161 4215 Ravaisson,
1179 4159 1261 4208 decue

191 4242 314 4308 potitique
327 4249 350 4295 et
364 4244 501 4305 litteroire,
519 4245 592 4307 1880,
608 4263 634 4311 p.
648 4247 703 4299 968.
719 4246 759 4299 Cf.
775 4248 892 4313 Append.
906 4247 966 4313 (23).

222 4330 256 4396 (i)
272 4330 390 4397 Heuzey‚
406 4335 564 4386 documenti
576 4348 659 4399 precs,
680 4337 753 4398 1876,
767 4353 794 4400 p.
812 4337 849 4389 19.
865 4335 906 4386 Oi.
920 4337 1037 4402 append
1050 4334 1111 4402 (²⁴)-

221 4417 256 4483 (3)
274 4417 335 4471 Vid.
350 4434 420 4485 sup..
436 4436 462 4487 p.
482 4422 521 4473 1³.
803 4449 805 4453 Δ
1047 4416 1048 4421 ’
1071 4430 1074 4440 ’
