3270 5244
651 500 810 565 ...53-

192 640 308 733 picies
336 656 355 711 6
378 637 625 729 scriptoribus.
652 638 744 709 Cum
771 638 867 710 enim
896 643 1008 733 νύμφαι
1038 640 1263 731 appellentur

198 765 324 856 pupae,
355 781 436 852 quae
463 761 662 854 virginibus
680 763 729 849 in
758 762 894 851 deliciis
925 770 1026 835 erant
1057 760 1126 857 (1),
1156 763 1262 835 verbo

197 888 276 978 ipso
297 886 474 978 intelliges
500 905 571 977 quo
596 885 741 969 habitu,
771 906 840 976 que
864 887 994 958 vestitu
1017 888 1154 960 indutae
1182 887 1259 960 fue·

190 1007 289 1093 tint,
316 1026 381 1080 nec
405 1026 602 1080 memorare
626 1009 915 1100 operaepretium
941 1016 994 1081 est
1017 1028 1125 1100 quam
1149 1010 1262 1082 multa

188 1131 320 1223 figlina
348 1132 465 1225 sigilla
493 1151 533 1205 os
557 1140 592 1206 et
624 1134 785 1205 habitum
812 1133 958 1224 virginis
985 1134 1151 1206 relerant.
1174 1136 1261 1220 Quae

190 1256 484 1343 describerentur
504 1257 652 1328 deorum
672 1257 867 1346 imagineS,
889 1254 997 1346 supra
1017 1256 1187 1327 diximus.
1210 1257 1261 1330 Ne

197 1380 356 1453 ridiculae
381 1381 526 1472 quidem
555 1380 769 1452 omittuntur
795 1399 977 1470 personae,
1006 1399 1088 1471 quae
1114 1379 1260 1452 insolito

188 1523 236 1577 ac
255 1503 404 1579 deformi
424 1511 568 1595 aspectu
589 1503 702 1574 risum
727 1503 956 1586 hominihus,
985 1511 1117 1575 metum
1138 1504 1257 1575 inlan-

197 1626 293 1718 tihus
322 1635 464 1700 movent
493 1623 571 1723 (1);
604 1626 821 1717 1661161166
847 1628 946 1698 vultu
970 1626 1086 1710 166116,
1115 1626 1260 1718 gibbere

190 1751 472 1843 ¹turpiinsigues
494 1749 563 1846 (5),
588 1770 738 1841 quarum
760 1752 922 1841 exempla
942 1750 978 1821 in
1001 1751 1127 1842 sigillis
1146 1768 1260 1841 nuper

187 1875 335 1948 ,effossis
352 1875 520 1948 facillime
536 1876 704 1965 reperies.
728 1876 819 1946 Sunt
834 1875 939 1946 etiam
958 1875 1020 1966 qui
1039 1875 1257 1947 mentionem

196 1998 351 2071 habeant
377 1999 421 2072 dc
441 1999 642 2085 simulacris
663 1998 796 2090 liglinis
817 2017 907 2089 opus
927 1998 1108 2090 quoddam
1127 2006 1258 2073 statua·

188 2119 287 2191 ‚rium
312 2120 562 2215 imitantium,
588 2119 752 2216 Marsyan
780 2120 913 2191 scilicet
940 2121 1108 2192 manibus
1136 2121 1258 2212 alliga·

195 2243 269 2315 tum
297 2249 405 2335 atque
430 2264 451 2315 a
477 2251 602 2316 trunco
628 2243 842 2334 pendentem
873 2240 918 2337 (1)
946 2267 953 2314 :
979 2263 1086 2335 quam
1111 2243 1257 2335 quidem

194 2365 244 2439 161
264 2368 445 2453 statuariae
464 2367 700 2439 imitationem
723 2367 793 2458 ipsi
815 2366 852 2437 in
873 2368 1140 2458 Myrinensihus
1160 2369 1256 2461 sigil-

193 2491 238 2563 lis
259 2491 562 2583 deprehendimus
586 2488 651 2585 (5).
675 2581 678 2586 Ι

243 2616 348 2687 Plura
376 2615 521 2707 quidem
556 2634 765 2688 enumerare
792 2615 897 2687 uehis
918 2615 1049 2700 liceat,
1078 2617 1126 2704 si,
1159 2635 1256 2707 quae·

195 2758 346 2830 cumque
370 2739 643 2832 ascriptoribus
663 2741 822 2832 antiquis
843 2740 936 2812 dicta
956 2750 1040 2814 sunt
1060 2743 1103 2814 de
1122 2741 1256 2834 figlinis

196 2864 294 2941 etde
320 2863 479 2957 tingendi
504 2872 596 2948 arte,
627 2863 821 2936 releramus
848 2862 912 2958 (6).
942 2864 1012 2938 Sed
1037 2865 1075 2936 in
1100 2866 1165 2938 hac
1184 2864 1256 2937 dis-

98 3059 101 3066 .
194 2990 391 3081 putatione,
414 2988 591 3080 quidquid
609 2988 821 3060 nonnullius
840 2987 1010 3079 ponderis
1031 2996 1065 3061 et
1084 2989 1256 3062 momenti

195 3120 268 3187 erat
286 3113 333 3186 ad
352 3132 426 3186 rem
448 3112 731 3204 explanandam,
754 3111 942 3205 decerpere
960 3113 1158 3201 voluimus,
1184 3131 1256 3204 quo

223 3448 256 3512 (1)
275 3447 426 3511 Hesychius
442 3448 524 3514 ιΚόρη
540 3465 546 3476 ·
562 3450 652 3512 νύμφη,
666 3450 761 3507 ἥνταῖς
772 3447 900 3510 παρθένοις
914 3427 1023 3509 ἔπεμπον
1037 3462 1042 3475 ·
1058 3449 1101 3496 καὶ
1112 3449 1238 3514 παρθένος.

221 3536 257 3601 (1)
271 3535 395 3598 Martias,
414 3548 469 3595 xlv,
490 3534 541 3585 tto.
562 3533 626 3584 Sum
645 3536 719 3599 figuli
738 3536 813 3584 lusus
831 3535 879 3584 rufi
897 3547 1009 3597 persona
1028 3534 1129 3585 Batavi.
1144 3562 1174 3571 -
1189 3534 1254 3596 Quae

192 3629 220 3674 tu
234 3624 347 3681 derides,
362 3626 420 3674 haec
435 3626 569 3674 1111161616
585 3640 658 3688 puer.

224 3712 257 3776 (3)
279 3712 327 3768 lc..
352 3712 403 3763 181.
427 3712 557 3777 (Sigillum
577 3714 678 3777 gibberi
699 3711 904 3775 1161116)Ε1)1116
927 3714 984 3762 haec
1009 3714 1069 3762 lectt
1091 3713 1168 3762 terris
1191 3716 1255 3775 puto

191 3807 308 3852 monstra
321 3801 512 3865 Prometheus;
526 3829 556 3839 —
572 3801 749 3852 Saturnalicio
763 3803 826 3852 lusit
840 3803 936 3864 etipse
949 3802 1020 3853 ludo.

223 3891 256 3955 (lt
273 3891 370 3942 Achilt.
390 3890 496 3953 Tatius,
519 3905 561 3953 111,
580 3892 615 3942 15.
635 3897 689 3945 Τῶν
705 3895 733 3944 δὲ
747 3892 882 3943 νεανίσκων
901 3894 1011 3957 ὁέτερος
1028 3892 1158 3949 ἀνακλίνας
1178 3892 1253 3952 αὐτὴν

133 4007 136 4009 Α
190 3981 278 4032 ὑπτίαν
291 3982 376 4042 ἔδησεν
392 3983 420 4032 ἐκ
436 3983 561 4032 παττάλων
576 3984 617 4034 ἐπὶ
630 3991 671 4044 τῆς
685 3991 728 4047 γῆς
743 3985 930 4050 ἐρηρεισμένων,
944 3984 996 4034 olco
1011 3988 1123 4033 ποιοῦσιν
1141 3985 1164 4032 cl
1181 3999 1254 4048 κορο-

192 4072 278 4124 aridior
291 4072 333 4122 τὸν
349 4072 469 4137 Μαρσύαν
485 4072 512 4121 ἐκ
528 4079 572 4123 τοῦ
587 4079 662 4136 φυτοῦ
679 4074 818 4137 δεδεμένον.

109 4156 110 4159 ’
221 4160 255 4223 (a)
268 4159 307 4210 or.
325 4159 391 4210 outo
408 4160 435 4208 ue
448 4173 514 4209 corr.
529 4160 632 4221 tetta,
648 4173 694 4222 vu,
710 4178 736 4225 p.
751 4160 835 4211 6161.

221 4249 253 4313 (6)
269 4247 309 4299 Cf.
326 4247 462 4311 Bliimncr,
478 4250 640 4313 lechnolopie
656 4266 682 4300 u.
701 4250 893 4313 Terminolopic,
911 4264 938 4307 11,
952 4267 977 4314 p.
996 4249 1104 4300 tls-¹39.
