3246 5234
628 552 788 617 ..73-

174 690 211 761 in
230 689 369 763 aedibus
389 691 554 791 privatis,
571 690 643 763 nisi
660 698 700 763 ut
719 692 872 783 parietes
895 692 1116 775 decorarent,
1139 695 1236 768 velut

177 815 307 888 tabula
325 816 430 906 pictae
449 823 636 907 ceteraque
653 825 877 891 ornamenta.
986 797 991 804 ⁴
1195 896 1197 900 Α

224 941 367 1030 Insigne
387 939 485 1011 aliud
505 939 757 1013 documentum
777 941 981 1015 invenimus
1001 942 1039 1015 in
1059 942 1149 1014 atrio
1169 943 1234 1015 do-

176 1085 275 1148 muc,
299 1086 379 1157 quae
405 1066 556 1138 Lucretii
583 1068 796 1157 appellatur.
820 1068 871 1139 lbi
896 1069 1014 1151 enim,
1038 1088 1108 1160 quo
1131 1069 1237 1141 modo

176 1208 253 1261 cum
290 1190 400 1263 aneis
437 1188 565 1279 sigillis
595 1189 718 1280 figlina
752 1208 896 1282 quoque
922 1190 1234 1275 consociarentur,

176 1314 267 1387 clare
288 1314 539 1407 perspicimus.
566 1316 605 1385 ln
625 1314 749 1387 eodem
774 1316 889 1387 loculo
910 1316 1052 1387 stabant
1076 1313 1237 1407 quinque

174 1457 282 1511 aeneae
307 1438 561 1529 imaguncula,
583 1439 739 1511 Fortuna
759 1439 910 1524 scilicet,
936 1440 1122 1526 Hercules,
1144 1440 1233 1525 Isis,

174 1563 259 1634 bina
276 1564 371 1634 loris
388 1563 591 1648 simulacra,
606 1570 713 1654 atque
734 1582 806 1635 una
825 1584 904 1636 eum
925 1566 1050 1638 ceteris
1071 1563 1234 1657 figlinum

173 1687 273 1778 pueri
292 1686 393 1758 bulla
415 1688 531 1759 ornati
552 1695 656 1778 caput
678 1684 753 1782 (l);
780 1688 874 1778 quod
896 1687 1042 1778 quidem
1062 1695 1233 1778 tanquam

173 1812 238 1884 sub
250 1811 435 1885 Penatium
447 1812 558 1884 tutela
568 1811 724 1902 positum
736 1818 843 1903 atque
859 1819 1104 1885 consecratum
1121 1811 1233 1885 dicas.

175 1938 359 2020 Praeterea,
382 1938 419 2008 in
444 1937 571 2028 exigua
589 1938 791 2026 humilique
811 1950 909 2020 casa,
931 1938 1069 2010 loculus
1089 1938 1234 2027 quidam

172 2060 281 2135 aneis
297 2063 424 2153 sigillis
440 2064 505 2134 riri
523 2063 718 2152 equitantis
734 2070 769 2135 et
788 2064 925 2145 Dianae,
945 2063 1069 2154 figlino
1086 2065 1168 2136 Deae
1180 2081 1235 2136 ca·

172 2187 260 2277 pite,
284 2189 433 2260 muliere
457 2187 645 2279 puerulum
667 2187 805 2270 alente,
832 2206 939 2278 parva
965 2187 1121 2259 Medusae
1147 2187 1235 2260 iacie

171 2318 204 2383 et
228 2313 427 2402 puerilibus
454 2313 561 2384 larris
583 2313 827 2403 complebatur
852 2309 916 2405 (l).
940 2312 1109 2384 Dubitare
1128 2313 1235 2404 igitur

170 2452 243 2506 nou
262 2455 476 2528 possumus,
499 2437 587 2528 quin
607 2437 819 2527 plerumque
843 2436 881 2506 bi
902 2435 1008 2507 loculi
1031 2455 1095 2526 pro
1116 2455 1233 2507 saera-

171 2559 232 2631 riis
260 2566 294 2631 et
320 2561 460 2631 lareriis
486 2560 638 2644 luerint,
665 2560 859 2651 inquibus
886 2559 1033 2632 deorum
1059 2561 1233 2651 imagines

170 2701 248 2757 cum
276 2686 445 2758 humanis
475 2686 598 2777 liguris
627 2686 936 2758 consociabantur.
967 2685 1106 2776 Saepius
1138 2687 1232 2759 enim

170 2809 302 2882 ibidem
323 2810 550 2900 reperiuntur
567 2809 714 2888 deorum
735 2796 924 2881 dearumve
945 2809 1148 2892 simulacra,
1167 2809 1232 2881 sci·

170 2934 250 3006 licet
268 2936 305 3006 in
328 2935 555 3026 Pompeianis
576 2934 714 3008 aedibus
737 2934 862 3026 figlina
886 2934 1051 3024 quaedam
1077 2934 1234 3008 Minerva

170 3065 203 3130 et
232 3059 454 3150 AEsculapius
478 3055 543 3153 (5),
570 3060 690 3131 Venus
716 3066 751 3131 et
778 3060 972 3131 Mercurius
999 3060 1037 3130 in
1062 3062 1229 3132 Hercula·

169 3184 343 3256 mensibus
360 3181 424 3278 (l),
438 3203 538 3257 anea
552 3204 696 3276 quoque
707 3185 833 3256 Bacchi
847 3192 881 3256 et
895 3185 1016 3257 Martis
1032 3185 1147 3276 sigilla
1163 3182 1228 3278 (5).

57 3381 60 3388 ,
170 3309 245 3393 Qua
264 3307 394 3398 pietate
411 3309 504 3379 cives
524 3309 680 3381 colerent
695 3309 774 3379 illas
793 3308 1051 3398 imagunculae,
1069 3308 1231 3396 quamvis

168 3433 265 3523 parvi
284 3432 389 3524 pretii
414 3441 448 3505 et
466 3433 553 3504 artis
577 3431 770 3504 inconditae
788 3432 953 3522 plurimae
973 3439 1110 3515 essent,
1133 3431 1231 3503 baud

169 3552 374 3648 ignoramus
392 3580 399 3628 :
418 3575 502 3628 nam
518 3557 678 3648 quidam,
693 3557 910 3648 reperientes
921 3555 1091 3628 cadavera
1108 3555 1146 3626 in
1164 3556 1236 3628 vils-

198 3862 230 3926 (1)
252 3861 371 3921 Rohden,
393 3878 420 3926 p.
440 3861 486 3926 tl,
508 3861 546 3913 70.
565 3861 604 3914 Oi.
625 3862 790 3927 Marpuardl,
807 3864 948 3914 Headbucb
964 3863 1008 3912 der
1022 3864 1091 3913 lidm.
1104 3861 1228 3925 Alcestin,

169 3963 216 4012 vn,
233 3966 258 4015 p.
276 3951 327 4011 ll8,
343 3955 398 4002 not.
412 3951 441 4014 73
455 3967 480 4015 p.
494 3951 549 4010 tal,
564 3957 618 4003 not.
634 3953 657 4002 l.

198 4039 231 4104 (2)
246 4040 293 4100 lc,
308 4055 332 4103 p.
348 4040 434 4102 cli-25,
450 4042 486 4103 pl.
497 4040 535 4100 28,
553 4041 580 4097 l;
596 4040 634 4101 45,
651 4040 675 4090 3.

199 4127 230 4190 (3)
249 4128 297 4188 lc,
313 4143 338 4192 p.
354 4128 439 4191 25-26,
456 4131 492 4195 pl.
509 4128 546 4189 lc,
566 4129 587 4178 1.

200 4219 231 4279 (l)
250 4218 299 4277 lc,
315 4233 340 4282 p.
356 4216 439 4279 25-26,
453 4219 488 4283 pl.
506 4218 546 4280 38,
561 4219 591 4282 5;
607 4218 646 4277 39,
662 4220 686 4269 t.

201 4305 413 4372 (simplas.⁴
672 4293 676 4299 '
