3270 5244
814 535 982 596 ,ῃ-

373 675 550 767 speciem,
573 682 747 765 tanqmm
775 675 938 745 mortalis
964 672 1182 744 conditionis
1206 672 1341 744 indicia
1360 670 1438 762 (lli

373 799 460 871 inde
476 799 534 882 tit,
551 808 591 871 ut
605 800 772 890 qumdam
787 800 978 871 simulacra
993 799 1187 890 plurimam
1201 800 1436 888 interpretan-

373 924 470 996 obus
498 923 761 997 dubitationem
791 925 963 1006 atterant,
985 943 1086 1007 cnm,
1106 925 1283 1016 elegantia
1307 931 1342 994 et
1364 923 1434 994 tes-

373 1048 508 1121 tivitate
538 1050 700 1121 bumana
729 1051 909 1141 insignia,
939 1050 1066 1121 babitu
1096 1058 1216 1122 nmen
1247 1058 1282 1121 et
1308 1050 1438 1120 uestitu

372 1173 493 1246 nescio
521 1193 629 1265 quam
654 1181 828 1247 vetustam
853 1182 963 1264 atque
987 1175 1191 1265 religiosam
1216 1176 1436 1264 majestatem

373 1297 556 1371 redoleant
578 1298 644 1392 (Ξ).
666 1300 725 1371 tlt
743 1300 863 1381 enim,
886 1306 926 1371 ut
945 1306 1071 1371 notum
1089 1306 1163 1382 est,
1184 1299 1330 1370 Flaccus
1346 1322 1356 1367 :

496 1543 555 1604 Quo
569 1545 651 1593 semel
662 1549 703 1593 est
716 1545 818 1594 imbuta
828 1557 937 1604 reeens,
951 1546 1068 1594 servabit
1079 1543 1188 1594 odorem

495 1630 640 1682 Testadiu.

421 1847 492 1921 Sed
509 1849 586 1921 baec
600 1850 788 1922 hactenus
806 1851 911 1937 Quod
925 1852 956 1922 si
972 1851 1068 1922 enim
1084 1850 1130 1922 de
1147 1850 1335 1922 nonnullis
1350 1850 1438 1921 ima·

372 1973 518 2063 pinibus
547 1973 759 2065 disceptatio
791 1977 1045 2066 contentioque
1073 1975 1152 2048 fieri
1180 1981 1321 2066 potest,
1350 1974 1439 2064 quid

375 2097 621 2188 cogitandum,
650 2119 753 2190 rogo,
784 2100 830 2173 de
857 2101 985 2172 ceteris
1013 2119 1095 2192 quae
1119 2100 1199 2172 sine
1227 2101 1302 2171 ullo
1328 2099 1438 2171 dubio

373 2222 516 2294 mortali
540 2223 746 2295 conditione
770 2223 998 2296 induuntur?
1023 2226 1117 2310 Quot
1138 2225 1266 2305 vultis,
1290 2222 1438 2296 totidem

364 2349 446 2422 ¹sint
478 2348 670 2421 simulacra
702 2348 850 2429 Martis,
887 2348 1126 2439 Ganymedis,
1161 2348 1300 2420 Cereris
1332 2354 1440 2436 atque

371 2473 538 2555 venerim
579 2490 652 2543 non
680 2471 901 2562 repugnabo.
936 2471 1026 2542 Cum
1059 2479 1179 2544 autem
1211 2471 1439 2543 mulierculas

370 2596 559 2686 pistrinam
579 2602 785 2668 exercentes
805 2602 840 2667 et
860 2595 988 2667 tarinae
1008 2595 1159 2668 subactu
1177 2613 1309 2687 panem
1329 2593 1439 2665 conli-

373 2717 506 2790 cientes
535 2715 599 2811 (5),
622 2737 703 2791 cum
733 2725 917 2790 tonsorem
942 2719 981 2790 in
1008 2726 1115 2810 caput
1137 2717 1296 2792 sedentis
1317 2719 1437 2809 ouius·

371 2841 453 2913 dam
486 2841 698 2914 inclinatum
729 2849 764 2913 et
792 2840 976 2914 forficibus
1010 2843 1159 2934 capillos
1187 2841 1439 2934 praecidentem

372 2966 426 3038 rel
446 2965 657 3038 rusticulum
686 2965 1139 3057 pulmentario‘coquendo
1164 2967 1345 3040 intentum
1372 2963 1437 3058 (l),

371 3107 451 3162 cum
478 3088 798 3162 circumforaneum
827 3096 1058 3162 mercatorem
1085 3091 1226 3163 venalia
1250 3090 1437 3162 clamitan-

408 3314 440 3377 ti)
459 3313 598 3375 Quomodo
619 3314 815 3365 diversissimas
832 3315 931 3365 formas
948 3329 963 3365 e
984 3316 1124 3378 perpaucis
1140 3316 1212 3378 typis
1230 3315 1358 3366 ducerent
1373 3317 1439 3366 arti·

373 3402 435 3453 lices
450 3400 552 3464 Graeci,
571 3417 622 3466 qua
637 3404 743 3452 solertia
762 3403 883 3464 babitus,
900 3403 1072 3463 vestimenta,
1094 3404 1270 3453 instrumenta
1288 3407 1438 3465 mutarent,

373 3501 457 3553 nuper
469 3489 631 3552 doscrlptum
644 3490 794 3546 babuimus,
809 3490 877 3542 noll.
892 3491 924 3540 de
934 3504 1000 3541 corr.
1017 3491 1218 3555 belldo.‚v1,p.
1234 3491 1349 3543 563-565.

407 3577 439 3642 (i)
459 3574 498 3628 Ol.
521 3577 645 3640 Heuzey,
668 3580 827 3628 documenta
847 3591 925 3641 precs,
950 3578 1023 3640 1876,
1045 3581 1081 3643 pl.
1110 3580 1130 3630 l.
1156 3579 1288 3642 Babelon,
1304 3580 1440 3632 Collectt‘ou

371 3664 494 3729 desuper,
517 3667 551 3730 pl.
574 3665 606 3715 Α.
627 3663 667 3715 De
689 3663 796 3725 Cerere,
818 3667 898 3716 filiam
913 3668 1031 3719 humeris
1045 3673 1207 3732 gestantem,
1220 3683 1280 3733 quae
1289 3671 1441 3735 Κατάγουσα

373 3753 480 3817 dloltur,
496 3754 556 3804 vide
570 3767 647 3818 quam
663 3754 843 3818 discrepantes
857 3760 1038 3819 proponantur
1053 3758 1302 3822 interpretationes:
1318 3757 1440 3822 Heuzey,

373 3843 469 3896 darete
482 3844 523 3894 des
536 3845 650 3903 ΒΑΜ,
663 3846 811 3907 septembre
826 3843 895 3906 1875,
911 3859 937 3908 p.
952 3844 998 3895 209
1014 3849 1039 3895 et
1061 3847 1127 3897 suiv.
1140 3862 1147 3907 ;
1167 3846 1263 3910 Rayet,
1280 3848 1441 3899 denumerata

373 3932 610 3997 delectantium,
628 3932 661 3983 1⁸¹
676 3933 813 3991 tussicule,
826 3934 917 3997 Ficus.
933 3936 963 3985 de
979 3934 1004 3986 lo
1018 3935 1074 3986 coll.
1088 3937 1209 4001 irrepet,
1227 3951 1252 4000 p.
1266 3937 1293 4000 43
1311 3934 1440 3999 Carmeli,

374 4020 512 4074 collection
527 4021 645 4086 beawper,
662 4021 772 4085 droopes
784 4023 968 4085 reproduisont
983 4021 1111 4076 l'ottitude
1124 4025 1154 4075 de
1168 4025 1309 4090 l'eoeotuid,
1324 4026 1362 4089 pl.
1374 4025 1408 4077 D.

407 4111 439 4174 (Β)
457 4109 568 4172 Martha,
584 4109 718 4175 caroloque
732 4110 917 4175 destructores,
931 4127 957 4176 p.
970 4125 1064 4175 xxrrrr,
1080 4122 1118 4163 n⁰·
1132 4113 1170 4177 39,
1187 4113 1227 4165 lu.
1242 4111 1282 4165 (lt.
1294 4121 1324 4164 n⁰
1338 4114 1378 4167 38.

404 4199 437 4264 (l)
456 4198 551 4265 Rayet,
567 4202 726 4251 benemereti
745 4199 776 4249 de
795 4198 987 4265 tortuosique,
1011 4199 1036 4250 4·
1048 4201 1124 4262 taso..
1137 4202 1270 4253 coiatoicr
1280 4208 1303 4254 et
1317 4203 1440 4267 coiffeor,

371 4287 508 4353 resartae
520 4290 550 4341 de
564 4290 683 4354 Teucera
696 4286 798 4356 (Maste
811 4289 844 4341 de
858 4287 976 4354 Berlin),
991 4304 1017 4354 p.
1036 4289 1047 4340 l
1061 4292 1088 4343 et
1101 4289 1126 4340 2.
