3270 5244
639 541 780 607 ..3-

176 701 247 774 qua
263 682 459 755 virentium
480 681 598 772 specie
615 681 834 766 adornabat;
857 683 969 755 multa
988 682 1102 753 millia
1123 682 1243 773 sepul·

176 825 315 892 crorum
336 806 426 898 ipsis
441 806 554 879 oculis
575 807 735 890 scrutati,
755 813 789 880 et
807 807 971 898 quaedam
992 806 1126 898 figlinis
1147 807 1244 899 sigil-

176 930 221 1002 lis
252 930 401 1014 reicrta,
432 929 611 1022 quidquid
640 929 686 1002 ad
710 930 896 1002 funebrem
921 950 1027 1002 usum
1054 933 1240 1035 intererat,
1279 953 1286 961 “

177 1060 351 1144 quantum
372 1053 450 1126 iieri
469 1055 599 1145 potuit,
620 1054 910 1147 perscripsimus.

226 1179 320 1265 Quid
339 1178 423 1251 inde
443 1178 509 1251 fit‘l
528 1181 580 1250 Ex
599 1180 661 1251 illa
681 1180 815 1271 duplici
832 1181 1044 1272 scriptorum
1063 1188 1098 1254 et
1118 1199 1243 1253 monu-

177 1311 378 1397 mentorum
405 1302 651 1395 indagatione,
674 1323 761 1376 num
781 1305 990 1396 praeclarum
1012 1305 1159 1396 aliquod
1186 1324 1244 1377 ex·

178 1428 312 1500 orietur
345 1427 621 1514 documentum,
651 1446 722 1519 quo
756 1429 817 1499 lun
849 1429 1007 1502 veritatis
1033 1430 1088 1501 rel
1113 1430 1245 1502 clausis

178 1552 291 1623 oculis
312 1550 543 1642 praefulgeat?
562 1547 665 1624 Haud
680 1552 846 1642 equidem
865 1552 1056 1626 immodica
1071 1556 1188 1646 cupio.
1206 1557 1246 1626 ln

179 1677 245 1748 bac
265 1675 509 1767 disputatione
524 1676 568 1748 dc
589 1677 696 1748 robus
712 1677 816 1749 certis
833 1696 898 1749 nec
913 1678 987 1749 ullo
1003 1679 1109 1750 modo
1125 1679 1245 1751 dubiis

180 1819 253 1872 non
273 1801 409 1892 agitur3
434 1801 543 1872 nobis
571 1820 715 1891 quoque
741 1802 909 1873 nonnibil
935 1802 1055 1874 arcani
1084 1821 1244 1875 servave-

180 1932 263 1996 runt
283 1943 382 1996 sacra
407 1930 629 1996 mortuorum
656 1933 903 2023 monumenta.
932 1926 1026 1998 Satis
1050 1926 1247 1997 habeamus

180 2048 323 2138 siquis,
342 2049 515 2138 opusculo
532 2054 655 2120 nostro
672 2050 840 2140 perlecto,
855 2051 962 2141 paulo
978 2050 1105 2122 certior
1123 2050 1167 2122 de
1178 2049 1249 2121 liae

180 2191 217 2246 re
235 2172 298 2244 liat
317 2191 383 2244 nec
404 2173 552 2244 omnino
573 2173 726 2257 dubius,
749 2192 851 2265 aequo
870 2182 1094 2258 coronaret,
1117 2194 1135 2247 e
1154 2193 1246 2246 novo

179 2297 306 2370 itinere
325 2297 460 2369 redeat.
956 2295 958 2300 ‘

228 2422 1243 2516 Duplcxigiturbabebimusdisputationisargumentum.

180 2547 219 2617 ln
238 2547 356 2637 priorc
375 2553 489 2639 parte,
508 2567 579 2639 qua
598 2547 736 2620 ratione
753 2548 965 2620 recentiores
987 2548 1177 2638 scriptores
1192 2549 1247 2618 in·

179 2677 417 2762 terpretentur
435 2671 561 2763 figlina
581 2672 699 2763 sigilla
718 2671 756 2742 in
776 2673 950 2763 sepulcris
972 2673 1173 2745 Graecorum
1195 2690 1247 2744 re·

181 2802 292 2888 perta,
311 2803 345 2868 et
363 2795 451 2887 quid
466 2796 504 2866 in
522 2797 665 2869 illorum
683 2797 916 2888 opinionibus
933 2797 1130 2869 claudicare
1141 2796 1247 2867 nobis

181 2919 363 3004 rideatur;
385 2921 424 2991 in
446 2920 662 3011 posteriorc,
691 2920 779 3012 quid
799 2941 818 2994 e
838 2923 1012 3014 majorum
1041 2920 1182 3012 scriptis
1209 2939 1250 2992 ac

182 3045 424 3116 monumentis
444 3044 595 3135 intelligi
615 3046 730 3135 possit
744 3045 788 3117 de
806 3047 986 3117 communi
1007 3047 1135 3117 borum
1152 3044 1248 3136 sigil-

181 3167 297 3239 lorum
317 3187 387 3239 usu
412 3174 447 3240 et
474 3186 545 3259 quo
569 3168 676 3240 modo
699 3169 899 3242 illustretur
922 3170 1019 3260 quod
1044 3176 1179 3261 spectat
1203 3168 1248 3240 ad

182 3289 368 3365 funebrem
388 3311 507 3376 usum,
530 3293 707 3385 explicare
727 3294 960 3367 tentabimus.
