3270 5244
736 1518 879 1592 CAPUT
906 1520 1134 1606 ouluruu.

402 1839 447 1891 ml
479 1838 625 1892 rioilus*
644 1840 773 1895 siolum
798 1841 864 1894 ulls
895 1843 1042 1898 norimus
1073 1844 1237 1911 rollonem
1267 1844 1360 1898 VOTA
1385 1846 1467 1900 SUP-

489 1963 719 2029 PEDITENTUR‚
748 1965 816 2018 PRO
843 1965 991 2020 llunuuls
1018 1967 1149 2020 flosrlls
1175 1947 1383 2022 surroslm?

452 2251 602 2336 Quarto,
625 2251 726 2340 cujus
745 2251 965 2323 mentionem
980 2251 1211 2334 inchoamus
1233 2249 1356 2342 opinio
1376 2251 1471 2324 hanc

404 2373 750 2446 commendationem
771 2393 845 2465 prae
871 2393 909 2448 se
934 2375 1018 2459 lert,
1040 2373 1138 2466 quod
1162 2376 1201 2447 in
1224 2374 1371 2466 ancipiti
1395 2375 1469 2448 ‹lis-

402 2496 588 2589 putatione
613 2497 705 2570 vidit
731 2497 819 2589 quid
848 2504 943 2570 esset
969 2498 1067 2589 qood
1098 2497 1354 2590 ambigeretur,
1387 2517 1469 2589 quae

404 2629 498 2694 coria
534 2629 656 2696 esseut
686 2622 731 2695 ab
763 2622 909 2695 incertis
950 2622 1208 2714 disjungenda,
1241 2641 1313 2712 qna
1348 2640 1469 2694 rernm

403 2746 651 2819 vicissitudine
678 2746 828 2819 formam
856 2746 1073 2819 mutaverint
1102 2745 1226 2838 figlina
1254 2746 1373 2838 signa,
1397 2763 1469 2837 qno

405 2876 565 2960 tempore
590 2873 765 2963 imagines
792 2872 893 2943 vultu
919 2878 954 2944 ot
980 2878 1124 2963 aspectu
1153 2872 1323 2944 humanm
1350 2871 1467 2943 incre·

404 2994 562 3068 iruerint.
582 2995 685 3068 Haud
699 2997 795 3091 euim
814 2995 984 3069 diffitetur
998 2996 1120 3069 omnia
1138 2996 1329 3068 simulacra
1347 2993 1385 3065 iu
1406 3012 1469 3067 an-

404 3116 621 3207 tiquissimis
637 3119 837 3204 Graecorum
854 3120 1027 3210 sepulcris
1041 3125 1180 3209 reporta
1198 3136 1298 3191 sacro
1313 3117 1469 3210 quodam

406 3249 440 3315 ot
459 3241 581 3315 divino
600 3243 727 3316 habitu
741 3244 836 3317 iuter
854 3262 893 3316 se
912 3245 1114 3316 convenire.
1133 3242 1236 3330 Quod
1250 3261 1372 3316 verum
1388 3262 1469 3316 sen·

406 3367 514 3460 seris,
537 3368 567 3441 si
588 3368 700 3441 libros
720 3369 936 3460 persolveris
957 3369 1089 3460 quibus
1107 3367 1359 3440 describuntur
1373 3386 1471 3440 nuuc

406 3499 616 3585 congregata
630 3493 668 3565 in
680 3493 820 3566 cedibus
836 3493 990 3585 publicis
1005 3493 1225 3585 privatisque
1239 3493 1368 3585 sigilla.-
1383 3494 1471 3579 Quae

407 3623 492 3689 sunt
517 3615 604 3688 artis
623 3617 893 3702 uetustissimae,
918 3618 1010 3689 nihil
1041 3617 1113 3690 nisi
1133 3616 1282 3690 doomm
1306 3617 1471 3689 dearum·

407 3759 478 3831 que
496 3739 670 3831 imagines
697 3740 867 3814 referunt.
890 3742 969 3815 Non
994 3741 1169 3832 estquod
1195 3741 1359 3832 inquiras
1387 3759 1467 3812 mu·

406 3862 512 3936 lieres
531 3863 757 3937 ambulantes
776 3871 838 3937 aut
855 3865 1022 3949 otiantes,
1039 3865 1173 3937 milites
1192 3864 1301 3936 armis
1321 3863 1471 3937 instruo

363 3979 370 3990 '
408 3991 486 4069 tos,
520 4005 656 4089 pueros*
677 3987 864 4072 ludentes,
895 3988 1117 4080 plebeculam
1146 3988 1405 4080 negotiantem
1434 3992 1470 4058 at

408 4109 480 4184 loro
501 4111 692 4184 innumera
711 4112 909 4205 conspicies
929 4113 1078 4206 Cybeles
1097 4119 1159 4186 aui
1178 4113 1315 4186 Cereris
1337 4105 1372 4184 ct
1386 4111 1469 4182 Pru·

408 4234 563 4326 sorpinae
582 4235 785 4309 simulacra.
803 4237 907 4310 Haud
921 4237 1029 4329 igitur
1045 4236 1209 4321 dubium,
1227 4235 1317 4328 quin
1332 4253 1409 4308 mos
1424 4235 1469 4307 ab

409 4356 546 4457 origine
566 4357 717 4434 valuerit
741 4359 839 4451 apud
865 4360 1026 4445 Graecos,
1048 4378 1167 4434 sacras
1195 4339 1370 4456 imagines
1389 4376 1469 4431 cum
