3270 5244
873 527 1033 589 -ιὸ-

422 664 536 738 torma
560 671 596 737 et
624 664 741 755 specie
767 664 916 737 minime
941 683 963 736 a
989 663 1217 756 Pompeianis
1236 669 1298 736 aut
1320 661 1482 737 tunebri-

421 789 490 862 bus
510 789 654 863 Graecia
672 795 707 861 et
732 787 828 862 Asiae
847 788 976 881 sigillis
1003 788 1182 860 differant.
1210 786 1313 873 Quod
1338 785 1484 878 quidem

420 913 584 1006 impedit,
605 932 651 987 ne
673 913 895 986 affirmemus
915 913 1124 1006 religionem
1148 913 1297 987 omnino
1319 910 1486 987 abesses

420 1036 548 1130 sigillis
567 1057 649 1130 quae
667 1038 714 1110 ad
733 1057 789 1110 res
817 1038 1035 1110 domesticas
1054 1036 1248 1129 pertinent.
1270 1037 1363 1110 Fieri
1382 1044 1483 1128 pote·-

420 1169 486 1245 rat,
504 1162 645 1254 opinor,
664 1168 703 1234 ut
717 1160 934 1234 numinibus
956 1166 1260 1244 consecrarentur,
1278 1160 1360 1234 licet
1373 1159 1488 1233 forma

419 1291 454 1357 et
472 1293 548 1358 arte
567 1305 588 1357 a
606 1286 714 1359 rebus
734 1284 866 1359 divinis
886 1286 1056 1358 alienata.

469 1411 656 1493 Praeterea,
679 1411 710 1482 si
728 1408 808 1502 ipsa
827 1398 1044 1501 Pompeiana
1063 1415 1197 1483 attente
1214 1409 1385 1501 inspicies
1404 1428 1482 1483 mo·

418 1539 611 1616 numenta,
633 1531 731 1604 baud
751 1532 940 1604 dissimilis
966 1532 1077 1605 menti
1106 1537 1265 1605 occurret
1290 1531 1482 1605 sententia.

419 1655 460 1724 ln
479 1654 605 1727 loculis
629 1652 847 1742 quibusdam
874 1654 1022 1727 deorum
1050 1655 1224 1746 imagines
1251 1673 1331 1727 cum
1357 1654 1484 1728 ceteris

418 1776 543 1868 liguris
556 1776 768 1850 consociatae
783 1776 1047 1862 describuntur,
1060 1777 1110 1850 ita
1123 1785 1163 1852 ut
1177 1797 1281 1870 aequo
1291 1779 1372 1869 jure
1384 1777 1483 1851 dicas

419 1920 515 1993 saepe
533 1901 646 1975 misse
665 1903 852 1975 collocatas
871 1903 939 1975 sub
959 1904 1070 1976 tutela
1093 1911 1128 1979 et
1149 1903 1346 1996 patrocinio
1368 1904 1482 1975 Pena·

418 2029 507 2100 tium
527 2024 593 2096 has
620 2022 726 2097 etiam
750 2025 996 2118 imagunculas
1020 2045 1101 2118 quae
1120 2028 1167 2101 ad
1187 2046 1244 2101 res
1270 2026 1484 2102 domesticas

417 2151 598 2241 pertinent
620 2148 631 2245 l
657 2147 685 2243 ).
1179 2248 1181 2252 λ

436 2333 440 2341 .
465 2273 576 2346 Nobis
602 2273 709 2364 igitur
734 2274 903 2346 nonnihil
929 2273 1164 2348 dubitationis
1185 2281 1368 2368 superest,
1392 2259 1480 2348 num

417 2396 574 2469 virentes
594 2396 722 2487 sigillis
742 2397 876 2489 figlinis
896 2397 953 2468 usi
974 2396 1059 2482 sint,
1080 2398 1260 2490 praeclpue
1278 2405 1318 2472 ut
1336 2397 1484 2471 domurn

417 2525 645 2593 exornarent.
672 2520 775 2605 Quod
807 2519 853 2592 ad
882 2520 1069 2593 funebrem
1102 2540 1208 2594 usum
1241 2522 1385 2605 attinet,
1417 2521 1486 2593 boc

418 2659 563 2734 quoque
590 2640 815 2726 dubitamus,
841 2661 888 2714 an
916 2661 995 2716 mos
1027 2644 1177 2717 valuerit
1205 2645 1329 2718 eadem
1350 2645 1481 2736 sigilla,

414 2783 500 2856 quae
523 2762 654 2835 viventi
677 2764 885 2854 placebant,
911 2764 1077 2838 defuncto
1098 2766 1196 2839 dare.
1219 2768 1264 2839 Ut
1288 2766 1484 2858 aliquando

418 2885 481 2957 illa
500 2905 557 2960 res
574 2888 743 2971 evenerit,
765 2895 805 2960 ut
822 2889 957 2980 lugenti
977 2890 1082 2963 matri
1097 2892 1270 2982 placuerit
1286 2909 1365 2964 curn
1381 2892 1484 2982 pueri

418 3029 564 3103 corpore
583 3012 777 3104 crepundia
795 3013 834 3085 in
853 3015 1015 3106 sepulcro
1031 3015 1222 3107 deponere,
1242 3023 1281 3089 ut
1300 3016 1419 3108 sigilla
1435 3017 1482 3089 ab

418 3134 532 3206 amico
556 3134 756 3207 condonata
780 3136 1018 3209 moribundus
1038 3155 1159 3209 secum
1184 3139 1223 3210 in
1247 3139 1410 3230 sepulcro
1430 3157 1484 3212 se·

415 3259 522 3351 peliri
546 3259 712 3350 iusserit,
735 3259 813 3332 fieri
832 3262 966 3353 potuit,
988 3268 1095 3352 atque
1114 3262 1184 3353 ipsi
1204 3262 1368 3353 quaedam
1390 3263 1484 3354 eJ‘us·

417 3381 515 3456 modi
541 3381 704 3474 exempla
728 3401 983 3475 proponemus.
1010 3383 1081 3455 Sed
1108 3385 1261 3456 multum
1295 3384 1416 3468 abest,
1444 3392 1485 3458 ut

418 3508 522 3598 quasi
541 3509 654 3600 legem
674 3515 709 3582 et
727 3527 891 3581 normam
917 3508 1054 3582 funeris
1080 3509 1149 3583 hoc
1167 3528 1236 3582 usu
1255 3510 1484 3583 constitutam

418 3633 676 3706 existimemus.
699 3635 773 3706 lrno
792 3652 889 3738 vero,
912 3652 1100 3706 censemus
1118 3635 1290 3726 pleraque
1309 3633 1427 3726 sigilla
1446 3635 1485 3706 in

418 3757 592 3849 sepulcris
612 3757 757 3831 condita
775 3777 849 3831 non
868 3779 910 3833 ea
929 3759 1040 3831 luisse
1056 3778 1138 3850 quae
1157 3760 1196 3831 in
1211 3759 1317 3832 domo
1332 3759 1484 3832 urentis

417 3882 538 3955 oculos
557 3891 778 3967 recrearent;
798 3903 840 3957 ea
855 3893 989 3969 autem,
1007 3904 1089 3977 quae
1108 3886 1246 3977 cognati
1262 3891 1297 3959 et
1310 3884 1416 3989 amici
1436 3884 1482 3956 ad

417 4008 608 4100 exsequias
626 3988 831 4102 comparere
851 4018 886 4084 et
905 4030 1026 4085 secum
1045 4017 1228 4104 asportare
1249 4015 1427 4093 curarent,
1449 4017 1484 4083 et

449 4287 481 4352 (1)
501 4288 625 4351 Robden,
644 4291 800 4341 Terracotteu
812 4302 862 4342 oen
876 4290 1004 4356 Pompeii,
1024 4309 1049 4358 p.
1062 4292 1101 4356 tl,
1119 4294 1160 4346 nt.
