3246 5234
620 505 781 568 ..39-

169 663 258 735 opus
285 644 324 715 in
348 644 491 736 publico
521 651 698 736 proponat
722 651 756 716 et
783 641 966 715 venditet?
991 643 1080 723 Cum
1112 649 1232 716 autom

169 767 300 840 diversi
326 768 401 841 sint
423 767 626 859 sigillorum
646 787 736 840 usus
759 767 857 858 apud
876 769 1032 851 Graecos,
1061 767 1138 839 haec
1156 767 1232 858 opi·

168 891 245 964 licis
269 893 452 982 provincia
477 893 517 964 in
543 893 723 984 lingendis
748 893 898 984 sigillis,
928 891 1231 983 quemadmodum

169 1016 206 1088 in
234 1016 338 1107 pictis
365 1017 459 1089 vasis
486 1024 547 1089 aut
572 1018 784 1108 anaglyphis
811 1016 1064 1099 conficiendis,
1090 1017 1230 1107 utple·

96 1136 99 1139 ’
169 1141 295 1231 risque
310 1142 524 1223 satisfaciat,
548 1161 613 1214 seu
633 1141 715 1233 quis
739 1143 880 1214 numini
903 1149 983 1214 vota
1002 1141 1140 1223 dicare,
1169 1159 1234 1212 seu

169 1266 297 1339 domus
324 1267 501 1338 lanarium
521 1286 716 1351 exornare,
744 1288 808 1340 seu
835 1268 1020 1341 defunctos
1045 1268 1151 1340 donis
1178 1285 1234 1338 co-

40 1413 43 1419 ’
169 1392 240 1463 lere
259 1393 355 1464 uelit.
378 1393 465 1466 lnde
488 1393 586 1465 litut
611 1393 775 1483 qruaedam
803 1394 920 1485 sigilla
943 1400 1036 1466 certa
1060 1400 1094 1465 et
1116 1390 1233 1484 prail-

169 1516 243 1586 nita
266 1515 397 1598 lorma,
419 1517 465 1589 ad
491 1536 597 1608 quem
618 1537 724 1590 usum
749 1517 973 1609 pertincant,
995 1516 1230 1597 denuntient;

169 1645 206 1710 ut
232 1639 396 1730 quaedam
420 1642 491 1713 alia
515 1660 593 1714 sese
621 1643 755 1714 incerta
773 1647 828 1724 ιι,
859 1649 897 1714 ιιι
923 1643 973 1714 ita
993 1642 1128 1725 dicam,
1159 1658 1234 1714 suae

169 1765 273 1838 sortis
306 1766 488 1838 incuriosa
518 1768 714 1858 praebeant.
752 1767 845 1854 Quid
875 1766 1002 1858 plura?
1035 1769 1080 1839 Ut
1111 1767 1233 1838 omnia

169 1907 240 1961 uno
259 1892 366 1962 verbo
386 1893 675 1984 amplectamur,
695 1893 817 1965 multis
833 1893 961 1984 sigillis
978 1911 1139 1975 sensum,
1158 1911 1234 1989 non

168 2012 300 2087 lictoris
320 2019 551 2108 cogitatione,
575 2018 639 2092 sed
662 2019 833 2111 emptoris
858 2022 1042 2092 voluntate
1063 2026 1098 2091 ιι
1123 2037 1229 2090 usur·

167 2140 311 2231 potione
330 2141 452 2215 datum
473 2163 552 2217 esse
571 2163 773 2217 censemus.

215 2267 293 2351 Qua
308 2267 453 2357 quidem
467 2269 646 2342 sententia
660 2257 792 2342 nostrae
806 2246 1112 2361 interpretationis
1128 2270 1233 2360 quasi

167 2390 298 2463 iontem
319 2400 354 2464 ιι
372 2393 588 2484 principium
604 2396 848 2486 patefecimus.
868 2394 970 2481 Quod
985 2394 1015 2466 si
1030 2413 1088 2465 ars
1109 2392 1233 2485 figlina

167 2515 232 2588 luit
258 2520 406 2590 omnino
432 2519 545 2604 libera
573 2538 691 2610 neque
716 2520 754 2591 in
781 2527 952 2611 perpetua
980 2537 1098 2591 rerum
1126 2518 1230 2590 lune·

167 2641 284 2715 lorium
312 2646 523 2735 cogitatione
546 2646 749 2736 implicata,
782 2645 870 2737 quid
897 2646 1051 2726 mirum,
1086 2661 1163 2716 eam
1194 2643 1232 2713 in

168 2768 274 2859 longa
293 2769 506 2842 saeculorum
527 2770 619 2842 serie
639 2778 692 2843 tot
716 2770 840 2843 formis
860 2767 1040 2842 variasse?
1061 2770 1106 2840 Ut
1127 2785 1231 2840 vaso·

168 2911 245 2963 rum
265 2894 422 2984 pictura,
444 2913 536 2965 nova
561 2896 747 2986 Polygnoti
774 2902 849 2967 arte
873 2896 1066 2973 instructa,
1097 2892 1232 2965 sensim

167 3018 292 3088 melior
316 3018 441 3101 tiebat,
469 3021 519 3092 ita
545 3039 602 3092 ιιι
628 3019 752 3110 figlina
776 3040 797 3090 a
823 3021 1042 3110 sculptorum
1064 3016 1232 3108 operibus

136 3130 138 3137 ’
167 3140 325 3233 fingendi
341 3144 516 3216 rationem
533 3145 697 3216 trahebat
713 3152 748 3216 et
765 3144 938 3235 paulatim
960 3143 1230 3216 immutabatur.

167 3268 207 3337 ln
226 3269 325 3339 omni
347 3276 470 3354 aetate,
493 3269 617 3361 figlina
643 3288 751 3360 opera
770 3288 849 3340 cum
872 3268 1081 3339 marmoreis
1101 3273 1164 3337 aut
1182 3266 1232 3335 la·

166 3391 282 3483 pideis
309 3392 432 3485 liguris
459 3395 548 3465 mire
571 3394 803 3485 congruentia
826 3391 945 3465 videre
971 3399 1038 3463 est.
1070 3387 1171 3476 Quod
1202 3391 1231 3461 si

167 3517 427 3590 vetustissimas
463 3519 614 3592 tabellas
647 3520 685 3589 in
726 3519 903 3608 impressa
933 3515 1058 3607 argilla
1095 3513 1232 3585 excisas

168 3641 325 3714 conieres
355 3663 435 3715 com
469 3644 595 3734 priscae
628 3645 714 3714 artis
745 3641 977 3734 anaglyphis,
1012 3638 1156 3712 eosdem
1193 3638 1232 3710 in

168 3767 329 3858 utrisque
360 3769 525 3851 habitus,
554 3769 697 3841 eosdem
723 3768 842 3840 vultus
876 3767 991 3858 rigore
1021 3769 1229 3855 torpentes,

168 3892 290 3965 eadem
312 3913 458 3986 corpora
483 3895 587 3967 rectis
615 3894 844 3966 lineamentis
866 3892 1044 3982 descripta
1065 3887 1229 3960 animad-

168 4024 280 4091 vertes
308 4017 372 4113 (l).
393 4020 517 4112 Specie
540 4019 733 4091 admodum
761 4017 870 4090 simili
898 4034 936 4087 se
966 4014 1128 4106 praebent
1153 4030 1232 4104 pcr-

200 4297 233 4362 (t)
246 4298 286 4347 cr.
302 4295 424 4360 scuoene,
440 4275 597 4352 motatore
612 4296 711 4361 recreo,
730 4295 843 4346 tar-ras.
861 4290 1164 4354 marcommannas
1175 4290 1244 4340 ιιιι
