3270 5244
626 491 786 553 -r,9..

55 648 61 659 ·
175 627 300 703 ceteris
321 626 428 702 rebus
449 628 487 699 in
507 627 582 699 loro
602 625 812 699 venumdari
832 623 878 720 (l)
901 634 1065 719 :tantum
1084 626 1187 711 abest
1205 633 1254 699 ut·
1338 672 1342 680 ·

174 749 220 827 ab
239 770 308 824 usu
328 752 509 855 communi
525 751 695 842 seiunctae
710 758 745 823 et
760 770 781 821 a
794 752 898 843 vulgo
918 752 1081 844 relegata
1096 752 1241 824 luerint.

176 873 316 945 Similia
330 873 495 964 quaedam
511 872 638 946 docent
653 874 768 945 aetatis
784 873 961 945 inferioris
977 874 1167 965 scriptores
1182 874 1245 964 qui

177 997 381 1070 deliniendo
397 998 676 1081 constituerunt,
699 999 781 1088 quis
800 1005 895 1070 esset
913 999 1110 1091 sigillorum
1130 998 1243 1080 lictor,

177 1141 249 1214 qua
268 1124 416 1195 materia
435 1130 606 1206 uteretur,
629 1142 710 1213 quae
729 1123 920 1196 simulacra
940 1114 1088 1215 lingeret
1110 1119 1175 1217 (θ).

227 1247 329 1334 Quod
354 1248 385 1319 si
404 1248 450 1320 ad
470 1250 638 1321 Romanae
663 1249 778 1321 etatis
801 1249 990 1340 scriptores
1016 1248 1243 1331 accedemus,

178 1371 302 1446 eadem
322 1372 531 1445 confirmata
550 1381 584 1447 et
602 1374 673 1445 alia
692 1368 856 1463 quaedam
876 1392 967 1446 nova
989 1375 1198 1446 sentiemus
1218 1374 1248 1447 ll

179 1496 301 1569 luscis
329 1496 474 1589 quidem
500 1499 647 1571 Romam
668 1500 859 1590 importata
877 1518 935 1570 ars
963 1498 1122 1591 fingendi
1146 1498 1245 1570 vide-

177 1626 235 1692 tur
257 1617 304 1714 (5)
324 1645 333 1706 ;
355 1623 456 1714 cujus
477 1623 599 1715 figlina
617 1642 725 1714 opera
743 1624 899 1715 primum
918 1623 965 1695 ad
980 1624 1144 1714 ‚ornanda
1164 1623 1247 1696 deo·

180 1763 258 1816 rum
279 1745 428 1818 delubra
453 1748 825 1822 accommodabantur.
849 1747 902 1818 lu
922 1747 1025 1819 initio
1047 1749 1142 1819 enim
1161 1748 1249 1840 figli-

180 1887 266 1941 num
281 1870 377 1943 lovis
394 1872 626 1944 simulacrum
639 1873 677 1944 in
693 1873 867 1963 Capitolio
883 1872 995 1945 luisse
1006 1879 1249 1952 consecratum

180 2002 215 2067 ot
241 1995 401 2086 eiusdem
421 1997 544 2088 templi
564 1998 744 2089 fastigium
765 1997 865 2069 fictili
885 2016 991 2070 curru
1010 2004 1174 2070 ornatum
1198 1996 1250 2069 di·

181 2120 271 2217 citur
290 2120 354 2217 (l).
377 2122 586 2195 diutissime
607 2122 718 2214 viguit
741 2123 803 2193 illa
822 2122 1063 2204 cousuetudo,
1085 2123 1117 2193 si
1134 2121 1250 2193 Plinio

181 2246 289 2319 iidem
309 2247 502 2331 habemuS,
525 2248 587 2337 qui
608 2250 756 2320 miratur
781 2254 832 2319 tot
858 2247 976 2338 lignea
999 2254 1105 2338 atque
1128 2246 1252 2318 fictilia

182 2370 330 2443 deorum
351 2372 541 2444 simulacra
567 2371 606 2442 in
634 2372 803 2443 Romanis
830 2371 974 2462 templis
998 2371 1114 2442 dicata
1138 2388 1252 2459 usque

183 2495 228 2568 ad
254 2494 375 2569 Asiam
403 2494 575 2568 devictam
606 2492 670 2588 (5).
700 2494 801 2583 Quod
828 2495 974 2585 quidem
1003 2493 1251 2566 confirmatum

214 2748 247 2813 (l)
264 2749 413 2811 Demosth„
434 2748 565 2819 Philipp..
580 2749 606 2810 l,
623 2747 653 2800 26
671 2772 677 2799 ι
695 2746 791 2817 ’Ὠσπερ
805 2750 852 2818 γὰρ
868 2751 891 2802 οἱ
905 2751 1054 2808 πλάττοντες
1072 2749 1128 2807 τοὺς
1140 2745 1254 2809 πηλίνους

185 2840 217 2896 τῑς
230 2841 273 2901 την
288 2840 390 2906 ἀγορὰν,
402 2844 569 2906 χειροτονεῖτε
581 2842 637 2897 τοὺς
650 2841 794 2906 ταξιάρχους
811 2841 853 2890 καθ
867 2841 924 2897 τοὺς
937 2841 1082 2906 φυλάρχους,
1099 2840 1144 2890 οθκ
1157 2839 1198 2890 ἐπὶ
1210 2839 1253 2889 τὸν

184 2929 302 2992 πόλεμον.

216 3017 249 3080 (θ)
260 3015 426 3081 Harpocrat,
435 3034 459 3082 p.
469 3019 478 3068 l
487 3017 521 3076 ll,
528 3017 558 3066 ι27
568 3037 574 3066 ι
583 3019 813 3084 Κοροπλάθος·τοὺς
822 3020 850 3068 ἐκ
856 3021 934 3078 πηλοῦ
942 3021 957 3077 ἢ
965 3020 1061 3084 κηροϋῆ
1068 3035 1133 3074 τινος
1139 3018 1254 3076 τοιαύτης

186 3104 242 3166 ὕλης
255 3106 407 3164 πλάττοντας
416 3106 490 3173 κόρας
503 3108 518 3167 ἢ
531 3108 618 3172 κόρους
631 3104 710 3164 οὕτως
726 3108 860 3171 ὠνόμαζον.
877 3105 1037 3169 Hesychius,
1053 3107 1150 3155 Lacte:
1166 3106 1250 3171 Κόρη·

186 3197 273 3260 νύμφη,
288 3197 317 3256 ἣν
329 3200 383 3253 ταῖς
397 3195 524 3261 παρθένοις
536 3196 645 3260 ἔπεμπον
664 3213 670 3225 ·
684 3198 726 3246 καὶ
739 3197 866 3262 παρθένος.
883 3192 986 3253 SuidoS,
1001 3195 1083 3244 Leel'c.
1099 3209 1105 3242 ε
1119 3193 1249 3258 Κοροπλά-

186 3288 223 3336 θοι
234 3303 239 3314 ·
252 3289 275 3335 ol
288 3287 345 3342 τοὺς
358 3287 446 3351 κόρους
462 3285 611 3344 πλάττοντος
621 3287 689 3351 κηρῷ
702 3288 718 3345 ἢ
730 3287 817 3350 γύψῳ,
831 3287 946 3335 τουτέστι
961 3285 1054 3347 τὰζῷα
1067 3283 1158 3339 πάντα,
1173 3286 1196 3333 cl
1207 3299 1255 3332 κα·

186 3375 375 3432 ταοκευάζοντες
386 3375 474 3425 εῐθωλα
489 3377 582 3441 βραχέα
596 3376 625 3425 ἐν
638 3378 716 3434 πηλοῦ
730 3374 827 3424 πάντων
837 3374 915 3433 ζώων,
929 3374 964 3430 οῐς
975 3372 1140 3429 ἐξαπατᾶσθαι
1153 3371 1185 3420 τθι
1195 3387 1255 3420 παι·
1274 3378 1279 3385 “

186 3464 259 3528 θάρια
277 3463 368 3524 εἴωθεν,
388 3465 460 3521 οὗτος
479 3464 629 3528 κοροπλάθος
645 3467 769 3514 καλεῖται.
787 3460 924 3524 Εθριηοθορ.
945 3461 1049 3522 liupo:
1067 3458 1255 3524 Κοροπλάστης.

188 3554 202 3601 θ
215 3553 247 3601 τὰ
263 3556 314 3608 ζῶα
325 3553 479 3604 διαπλάττων
496 3568 502 3581 ·
518 3552 546 3601 οὐ
560 3554 606 3618 γὰρ
623 3553 697 3616 μόνον
712 3553 814 3616 κούρους
827 3553 843 3610 ἢ
857 3551 933 3615 κόρας
947 3549 1033 3613 ὁμοίας
1052 3549 1157 3599 πλάσσει
1165 3584 1171 3608 ,
1193 3547 1255 3598 ἀλλὰ

188 3648 235 3692 πᾶν
250 3647 311 3705 ζῶον
328 3660 334 3672 ·
350 3644 393 3693 καὶ
408 3643 586 3707 κοροπλάθους,
601 3643 658 3698 τοὺς
678 3643 706 3691 ἐκ
719 3646 795 3706 κηροῦ
813 3644 828 3701 ἡ
845 3643 923 3700 πηλοῦ
934 3642 969 3699 ,ἢ
986 3641 1100 3699 τοιαύτης
1118 3639 1183 3694 τινὸς
1200 3634 1259 3696 θλης

188 3731 339 3788 πλάττοντας
350 3732 449 3795 κόραςὴ
464 3732 567 3809 κούρους
584 3748 589 3759 ·
607 3731 669 3795 κόρη
684 3732 739 3796 γὰρ,
752 3730 781 3780 τὸ
799 3730 902 3795 σμικρὸν
915 3729 1076 3792 ἀγαλμάτιον,
1085 3729 1114 3777 τθ
1126 3728 1225 3791 γύψινον
1240 3726 1255 3783 ἢ

190 3821 300 3881 τήλινον.
313 3818 424 3879 Bekker,
443 3821 584 3880 Allecdola,
604 3834 629 3882 p.
647 3817 706 3879 272,
722 3818 748 3868 31
767 3839 772 3868 :
790 3820 858 3884 Κόρη
916 3821 945 3870 τὸ
963 3819 1048 3882 μικρὸν
1064 3815 1213 3880 ἀγαλμάτιον
1228 3813 1257 3863 τθ

187 3910 285 3973 γύψινον
297 3910 339 3959 καὶ
352 3911 459 3969 τήλινον,
477 3909 516 3972 ἀρ’
531 3909 616 3958 οὔκαὶ
632 3909 786 3974 κοροπλάθος
805 3911 909 3958 θταῦτα
922 3913 1000 3958 ποιῶν
1015 3910 1138 3980 καλεῖται.

222 3997 255 4062 (3)
270 3996 310 4048 Ol.
327 3996 461 4058 Bliimner,
480 3996 641 4059 lechnolopie
655 4010 681 4046 κ.
699 3993 891 4059 Terminolopie,
906 4010 937 4053 ll,
952 4010 978 4059 p.
994 3993 1047 4054 lll,
1062 3996 1132 4044 Anu.
1146 3993 1169 4043 θ.

223 4086 257 4150 (l)
271 4086 388 4148 Plinius,
403 4098 490 4150 xxxv,
504 4085 557 4138 tet.
575 4084 721 4150 Plutarch,
737 4086 787 4139 vlt.
806 4084 863 4137 Vel.
876 4084 987 4144 Public,
1007 4082 1045 4138 l3.
1059 4081 1098 4152 Ol.
1121 4081 1257 4144 Bliimncr,

194 4176 258 4228 ibid.
952 4187 956 4195 ·

224 4266 258 4329 (5)
271 4264 386 4326 Plinius,
404 4276 495 4328 xxxiv,
513 4265 551 4315 al.
567 4232 716 4328 Mirumqua
732 4266 796 4339 mihi
811 4265 924 4325 videtur,
944 4276 1007 4314 cum
1023 4265 1170 4312 statuarum
1185 4238 1271 4323 origo¹

354 4375 372 4417 r
1084 4351 1104 4414 l
