3270 5244
669 523 809 586 ..9-

206 682 377 756 agnosces
396 666 588 747 orientem;
606 663 637 736 si
654 661 960 735 adolescentulum
981 662 1119 735 nudum
1134 668 1169 734 et
1182 679 1272 735 zona
1308 685 1310 689 ·

206 788 457 880 praecinctum,
480 787 592 860 solem
614 787 813 879 vigentem;
834 786 865 858 si
884 787 1042 860 vetulum
1063 784 1268 876 quemdam,

207 913 318 986 solem
342 913 380 984 in
407 929 595 1004 vesperum
621 911 854 985 inclinantem
883 907 947 1005 (l).
963 908 1067 983 Nihil
1094 917 1148 982 est
1174 910 1271 1000 quod

205 1056 288 1111 vera
306 1043 341 1110 et
360 1036 516 1128 simplici
535 1037 650 1109 iorma
669 1034 896 1126 interpretari
916 1034 1031 1128 liceat.
1053 1035 1182 1108 Omnia
1195 1035 1273 1109 haec

207 1163 398 1235 simulacra
425 1180 561 1234 sarram
586 1168 622 1234 et
647 1167 820 1235 secretam
845 1160 915 1231 rim
940 1159 1144 1243 continent,
1167 1173 1289 1250 quae,⁴

206 1304 269 1377 per
299 1284 455 1358 occultas
484 1284 709 1358 caerimonias
739 1282 866 1375 mystis
892 1283 1053 1375 prodita,
1086 1283 1188 1375 vulgo
1213 1301 1270 1356 res

206 1416 305 1481 muta
324 1414 359 1481 et
378 1408 550 1481 inviolata
569 1408 782 1482 habebatur.
806 1407 893 1480 Inde
908 1406 1038 1479 iactum
1054 1413 1162 1480 estut
1177 1426 1270 1499 mys·

196 1534 251 1617 „tis
281 1539 422 1607 tantum
454 1533 507 1605 ias
536 1539 648 1616 esset,
685 1533 878 1606 obscurum
910 1531 1063 1623 sepulcri
1090 1549 1270 1605 recessum

206 1656 335 1748 lepidis
354 1658 428 1730 illis
448 1657 669 1749 imaginihus
692 1674 838 1741 ornare,
866 1675 948 1747 quae
969 1656 1136 1729 defuncto
1161 1657 1271 1728 totius

204 1780 330 1853 mundi
361 1781 546 1865 ordinem,
575 1780 759 1872 religionis
790 1787 968 1872 praecepta
992 1786 1027 1854 et
1051 1788 1271 1873 exspectatas

205 1903 284 1978 ritae
302 1923 405 1979 novae
424 1905 572 1979 delicias
591 1912 925 1978 commemorarent.

254 2029 348 2116 Quid
367 2030 471 2121 plura
490 2028 628 2104 dicam?
649 2031 716 2104 Res
736 2030 899 2121 exposita
919 2036 985 2102 esi.
1007 2029 1110 2116 Quod
1129 2030 1161 2103 si
1179 2030 1273 2103 hanc

205 2135 534 2246 interpretationem
555 2173 598 2226 ex
618 2154 969 2245 omnibuspartihus
993 2153 1269 2247 pertentaveris

206 2277 297 2350 nihil
316 2278 477 2352 invenies
497 2279 594 2370 quod
619 2286 828 2372 argumento
852 2279 1006 2370 quodem
1028 2279 1269 2371 exploratum,

206 2403 313 2476 rebus
333 2403 485 2495 cognitis
506 2410 769 2496 comparatum,
792 2403 1003 2495 scriptorum
1026 2402 1098 2476 fide
1118 2410 1179 2475 aut
1198 2421 1271 2474 mo·

205 2528 391 2601 numentis
418 2529 669 2602 confirmatum
691 2547 770 2601 esse
794 2528 985 2601 videatur:
1008 2529 1130 2601 omnia
1152 2534 1271 2601 autem

205 2653 413 2744 excogitata,
436 2654 517 2727 fieta
537 2661 589 2742 et,
611 2662 651 2727 ui
669 2655 719 2726 ita
739 2654 867 2736 dicam,
890 2653 1135 2725 fundamentis
1154 2650 1271 2725 inani-

203 2777 271 2850 bus
292 2787 547 2870 superstructa.
567 2781 677 2872 Cuius
695 2779 877 2871 opinionis
895 2780 1040 2852 initium
1061 2798 1104 2852 ex
1125 2777 1166 2850 eo
1187 2778 1271 2850 duo-

203 2904 279 2975 tum
294 2910 368 2983 est,
386 2905 483 2995 quod
503 2907 603 2977 nulla
622 2905 719 2997 apud
738 2905 907 2996 antiquos
928 2905 1118 2995 scriptores
1135 2902 1269 2975 mentio

204 3025 378 3099 habeatur
390 3028 434 3100 de
447 3028 653 3120 figlinarum
670 3029 869 3121 sigillorum
882 3048 951 3101 usu
971 3025 1035 3123 (i).
1050 3028 1198 3100 Etiamsi
1214 3045 1271 3099 res

204 3148 253 3223 ita
276 3169 316 3223 se
335 3152 485 3236 haheat,
508 3153 606 3226 haud
626 3160 719 3226 reete
746 3153 880 3225 inieras
908 3152 1092 3244 religionis
1112 3171 1218 3224 causa
1237 3157 1272 3223 et

205 3292 388 3347 sacrarum
409 3295 528 3349 rerum
548 3279 747 3350 reverentia
767 3276 911 3349 siluisse
932 3277 1134 3367 scriptores.
1157 3274 1271 3347 Pluri·
1363 3289 1364 3292 ‘

204 3416 302 3470 mum
324 3405 443 3471 autem
464 3419 485 3471 a
505 3400 652 3473 veritate
671 3400 785 3473 abest.
805 3402 896 3472 Sunt
914 3406 1075 3472 auctores
1096 3400 1177 3488 qui,
1199 3398 1271 3469 nisi

204 3522 309 3614 longa
335 3528 371 3596 et
393 3532 558 3598 accurata
586 3525 859 3616 explanatione,
882 3531 1004 3617 aperto
1029 3523 1176 3614 quidem
1206 3540 1297 3613 nee⁴

204 3646 369 3739 ambiguo
394 3648 500 3720 modo
524 3648 568 3720 de
592 3649 771 3740 frequenti
796 3648 995 3739 sigillorum
1022 3665 1092 3718 usu
1115 3653 1150 3718 et
1171 3663 1268 3717 com·

204 3771 333 3842 mercio
360 3772 468 3844 verba
495 3772 656 3869 iecerint.¹
679 3774 771 3845 Sunt
795 3777 1029 3845 monumenta
1055 3788 1136 3861 quae
1163 3769 1269 3841 nohis

205 3894 395 3968 ostendant
412 3894 556 3988 figlinas
577 3895 774 3989 imagines,
798 3914 895 3968 nuno
915 3895 1133 3987 quibusdam
1151 3893 1270 3967 numi·

237 4201 269 4265 (l)
287 4201 413 4260 Biardot,
428 4218 456 4269 p.
474 4201 526 4255 its.
539 4201 580 4254 Gi.
595 4204 713 4270 Appeod.
730 4206 774 4269 (l).

237 4288 269 4353 (l)
287 4290 342 4351 lt..
355 4304 381 4355 p.
396 4290 451 4343 487.
468 4288 507 4342 Gi.
522 4293 639 4358 append.
655 4294 698 4357 (5).
