3270 5244
629 527 790 592 -13-

175 671 298 760 pulcro
317 667 506 741 defunctus
528 683 601 738 non
622 666 728 738 modo
752 671 912 758 paratam
935 665 982 738 ad
1005 663 1240 739 necessitudi-

175 812 239 866 nes
264 792 539 886 supellectilem,
565 791 628 864 sed
650 792 758 865 etium
775 809 831 864 res
856 791 902 864 ad
922 790 1101 864 luxuriam
1121 799 1156 865 et
1173 792 1237 865 de·

175 918 428 990 lectamentum
447 915 730 988 accommodatas
744 917 782 987 in
798 922 965 1007 promptu
980 913 1148 990 haberet?
1162 916 1241 990 Non
1299 919 1303 925 ’

176 1041 283 1133 igitur
310 1047 404 1113 recte
430 1040 613 1145 existimes
640 1041 762 1112 omnia
794 1041 871 1113 haec
899 1039 1090 1112 simulacra
1112 1040 1159 1113 ad
1182 1059 1240 1114 res

175 1165 345 1238 funebres
371 1165 516 1257 proprie
532 1165 723 1258 pertinere.
747 1165 905 1237 Primum
926 1165 1022 1237 enim
1041 1164 1237 1237 viventium

175 1296 290 1375 erant,
308 1309 461 1383 quorum
477 1291 623 1363 domum
639 1290 829 1372 ornabant,
848 1308 939 1380 quos
953 1296 1053 1382 grato
1069 1295 1104 1362 et
1118 1289 1240 1380 lepido

180 1423 327 1507 aspectu
362 1415 583 1489 recreabant.
622 1415 744 1502 Nunc,
780 1413 818 1484 in
851 1413 1014 1506 sepulcro
1053 1412 1238 1505 deposita,

177 1540 340 1614 eumdem
378 1541 541 1632 sepulcro
582 1544 814 1631 apparatum,
856 1539 1017 1612 eamdem
1061 1539 1240 1613 defunctis

177 1662 447 1737 delectationem
468 1663 644 1755 praebent.

209 1787 351 1858 *Omnis
370 1786 466 1860 enim
483 1804 566 1878 erga
584 1785 772 1859 defunctos
793 1786 909 1859 cultus
929 1804 972 1859 ex
992 1787 1056 1858 illa
1070 1787 1242 1879 opinione

179 1910 281 2001 quasi
308 1910 476 1992 defluxit,
505 1912 628 1984 lienes
651 1911 689 1981 in
720 1911 885 2000 sepulcro
909 1910 1030 1983 nescio
1054 1929 1164 2002 quam
1186 1911 1239 1984 vi·

177 2053 257 2108 rere
270 2034 378 2107 vitam
392 2042 427 2107 et
440 2034 836 2127 iisdemvoluptatibus‚
855 2034 1144 2120 necessitatibus,
1159 2035 1243 2109 otiis

178 2165 212 2232 et
229 2158 414 2231 laboribus
433 2157 632 2250 indulgere,
654 2158 788 2249 quihus
809 2159 847 2231 in
866 2165 961 2231 terra
975 2158 1151 2232 solebant.
1170 2160 1245 2232 Hoc

177 2280 285 2373 igitur
311 2300 465 2366 munus,
504 2284 572 2355 lroc
606 2282 738 2366 decus,
772 2284 840 2356 hoc
879 2282 1047 2354 solatium
1084 2283 1243 2374 cognatis

178 2411 285 2496 atque
303 2406 447 2489 amicis,
470 2414 510 2480 ut
530 2406 709 2499 quidquid
734 2406 848 2499 prosit
873 2406 920 2479 ad
943 2402 1150 2503 defunctum
1176 2425 1243 2479 nu·

178 2529 1244 2623 triendum,exercendum,recreandumsuppeditent.Inde

178 2650 218 2725 iit
235 2660 275 2726 ut
290 2653 450 2727 convivia
464 2655 679 2739 instaurent,
697 2674 850 2746 quorum
868 2654 1044 2747 particeps
1060 2662 1095 2727 et
1109 2673 1243 2746 praeses

178 2793 256 2848 esse
275 2776 464 2850 defunctus
488 2778 665 2862 creditum
686 2779 771 2852 inde
797 2779 836 2850 in
860 2779 1023 2871 sepulcro
1050 2797 1135 2851 rasa
1162 2779 1241 2852 cibo

178 2901 284 2993 plena
302 2908 342 2975 ut
360 2910 539 2988 vescatur,
560 2903 689 2995 pocula
708 2910 748 2976 ut
765 2909 881 2996 potet,
903 2921 1028 2995 capsas
1048 2908 1243 2994 unguenta-

178 3025 264 3110 rias,
286 3028 443 3119 specula,
464 3034 674 3100 ornamenta
692 3035 732 3100 ut
746 3046 875 3120 corpus
889 3027 1017 3101 vestiat
1030 3033 1065 3100 et
1079 3034 1239 3111 exornet,

179 3150 333 3243 strigiles
353 3159 393 3224 ut
411 3153 580 3234 luctetur,
603 3171 702 3225 arma
724 3159 765 3224 ut
784 3159 933 3226 venetur
956 3159 991 3225 et
1013 3151 1160 3234 militet,
1183 3151 1243 3224 de·

179 3283 331 3366 ponunt.
353 3278 445 3350 Num
466 3278 544 3350 lieri
564 3283 720 3370 poterat,
749 3283 789 3349 ut
816 3276 1038 3349 omitteretur
1064 3274 1244 3365 exquisita

209 3582 236 3636 2⁰
251 3580 370 3648 Martha,
389 3580 523 3651 cctclopce
540 3589 582 3637 der
594 3584 719 3652 mamaea
734 3600 766 3637 ca
783 3583 937 3648 terre-coita,
962 3581 1035 3647 1880,
1053 3598 1081 3648 p.
1097 3595 1182 3635 xxvn.
1202 3580 1243 3634 Oi.

95 3750 96 3753 Ἴ
180 3676 295 3739 Apporto.
315 3673 374 3743 (lo).

210 3763 234 3814 3⁰
251 3763 287 3817 H.
302 3777 354 3822 von
370 3763 490 3826 Rohden,
505 3765 551 3815 Die
565 3766 726 3816 Tarraconen
737 3778 788 3815 con
801 3764 924 3830 Pompeii,
939 3763 1081 3828 stuttgart,
1101 3760 1244 3826 Spumann,

181 3850 248 3916 1880,
264 3869 291 3918 p.
309 3852 349 3909 25.
368 3853 408 3903 26.
424 3850 465 3904 Of.
483 3853 600 3918 Appeod.
615 3852 674 3916 (ll).

210 3941 235 3992 t·
247 3939 372 4002 cartault,
389 3941 527 3995 collection
543 3941 650 3993 camille
663 3942 787 4007 Leonem,
806 3937 987 3993 recres-ector
1003 3942 1122 4006 antiques
1135 3942 1246 3993 treantes

179 4043 212 4082 cc
231 4031 304 4085 (icccc
327 4039 350 4082 et
368 4046 402 4082 eo
423 4032 625 4093 accentuare,
641 4031 667 4081 i·
681 4032 823 4092 fasciculo,
849 4030 916 4083 1882.
933 4031 1034 4082 Articlo
1048 4044 1094 4081 sur
1108 4044 1145 4081 un
1158 4029 1246 4080 Grcod

180 4132 281 4184 mosque
292 4120 430 4185 satyrique,
448 4121 483 4185 pl.
500 4119 543 4172 0¹.
560 4117 601 4171 Oi.
616 4120 735 4186 append.
749 4120 810 4184 (la).

211 4209 237 4258 5⁰
253 4209 421 4270 Lonormant,
438 4210 539 4261 Gazette
551 4210 593 4258 ries
605 4210 720 4270 B.-Arts‚
732 4223 803 4259 mars
816 4208 884 4271 1882,
898 4223 923 4273 p.
940 4208 995 4268 215,
1012 4205 1067 4258 tto.
1076 4205 1116 4258 Cf.
1127 4205 1246 4271 appono.

181 4296 240 4360 (lt).
