3270 5244
620 536 777 602 -33..

168 678 230 751 des
254 678 294 749 in
315 677 495 748 bonorem
519 675 677 749 defuncti
702 675 875 747 Pallantis
901 670 969 768 (1),
991 675 1231 766 reputandum

169 809 222 877 est
241 819 366 874 omnes
382 801 454 873 lere
470 818 593 873 versus
609 799 654 872 de
669 799 854 872 Homerico
871 800 1028 873 carmine
1043 817 1232 873 conversos

169 927 280 1000 luisse
304 933 339 998 et
363 924 575 997 adverbum
600 941 802 1014 expressos.
832 922 935 995 Haud
957 922 1124 1013 equidem
1152 941 1232 994 sum

170 1051 315 1142 ignarus
350 1049 601 1140 perantiquam
636 1049 789 1119 Deorum
823 1045 1030 1138 religionem
1064 1048 1233 1119 humanis

171 1171 354 1245 sacrificiis
373 1190 476 1243 usam
498 1189 589 1243 esse.
621 1171 671 1243 Ne
697 1170 801 1261 plura
824 1188 1119 1254 commemorem,
1142 1170 1235 1242 lama

129 1359 132 1362 A
170 1298 333 1370 inclitum
358 1304 412 1369 est
436 1296 533 1388 apud
560 1297 694 1367 Tauros
723 1295 923 1386 templum,
944 1295 983 1366 in
1007 1315 1078 1386 quo
1099 1295 1235 1368 advena

172 1422 327 1513 quisque
359 1427 442 1495 anta
477 1439 558 1492 aras
591 1421 714 1492 bianae
748 1419 969 1492 mactabatur
1006 1416 1070 1514 (1).
1103 1420 1234 1494 Graecis

172 1546 277 1618 etiam
305 1545 439 1635 placuit
464 1544 539 1616 lera
566 1544 731 1634 quaedam
762 1543 887 1616 Bacchi
914 1543 1060 1634 religio,
1088 1546 1235 1618 nomine

172 1672 315 1763 appetu
338 1665 402 1762 (5).
435 1668 610 1740 Dicuntur
636 1685 780 1757 quoque
807 1667 944 1757 Pelasgi
971 1668 1037 1740 bos
1063 1668 1235 1740 babuisse

173 1792 284 1880 rituS,
313 1792 446 1883 quibus
476 1792 664 1863 bominum
695 1791 811 1881 capita
843 1792 997 1862 Saturno
1032 1791 1231 1875 dabantur;

173 1916 249 1999 sed,
263 1923 302 1988 ut
318 1917 367 1988 ait
380 1915 594 1995 Macrobius,
609 1941 624 1978 c
638 1921 828 2005 postquam
843 1914 979 1986 felicior
991 1916 1234 2006 interpretatio

148 2090 151 2094 n
174 2040 289 2131 capita
306 2057 380 2111 non
401 2038 609 2119 viventium,
628 2035 691 2108 sed
707 2037 842 2120 lictilia,
861 2043 895 2109 et
914 2039 1236 2130 (11111111ηᾶ111-

61 2253 64 2258 ,
175 2181 256 2234 nem
269 2181 343 2234 non
357 2162 474 2233 solum
489 2160 687 2246 bominem,
703 2159 883 2231 sedetiam
899 2162 1021 2231 lumen
1036 2161 1236 2251 significare
1314 2192 1317 2196 >

176 2287 375 2369 docuisset,
402 2286 554 2377 coepisse
578 2287 731 2357 Saturno
755 2302 874 2356 cereos
898 2286 1017 2375 potius
1044 2285 1236 2359 accendere

174 2418 208 2484 et
227 2413 264 2483 in
279 2403 454 2483 'sacellum
479 2410 589 2495 Ditis,
616 2426 687 2481 arae
716 2408 861 2481 Saturni
885 2410 1090 2493 cohaerens,
1113 2411 1237 2482 oscilla
1343 2453 1346 2460 ,

176 2533 339 2625 quaedam
360 2552 423 2624 pro
444 2533 521 2604 suis
541 2533 716 2624 capitibus
737 2533 828 2604 lerre
852 2528 915 2625 (1).
939 2559 954 2596 a
977 2535 1155 2618 Quantum
1174 2552 1237 2605 au·

176 2664 244 2731 tem
265 2657 310 2729 ab
337 2657 497 2747 antiquis
525 2657 760 2747 scriptoribus
785 2656 884 2728 nosci
912 2662 1050 2748 potest,
1077 2656 1114 2729 id
1140 2657 1237 2728 inso-

175 2782 289 2855 lenter
320 2782 481 2855 eveuisse
514 2781 551 2851 in
584 2781 733 2870 antiqua
764 2780 934 2871 religione
961 2780 1177 2854 arbitramur
1203 2791 1238 2854 et

175 2906 337 2978 barbaris
357 2906 555 2997 prasertim
576 2904 742 2996 gentibus
761 2906 952 2996 placuisse.
981 2905 1237 2996 Quodcumque

174 3029 217 3102 de
247 3029 315 3102 bac
346 3049 383 3103 re
412 3029 605 3120 iudicaris,
637 3030 737 3101 nullo
770 3030 877 3101 modo
909 3035 1047 3102 constat
1078 3048 1236 3120 unquam

174 3152 284 3227 luisse
310 3154 468 3227 Manium
497 3154 719 3244 religionem,
750 3171 830 3243 quae
850 3154 926 3245 lege
947 3154 1000 3225 vel
1021 3153 1127 3225 etiam
1155 3172 1238 3226 con·

175 3278 365 3352 suetudine
384 3279 543 3350 bumana
562 3278 737 3350 sacrificia
756 3275 923 3350 sanciret.
946 3280 1105 3367 Quaeque
1123 3279 1233 3361 enim,

175 3403 274 3492 cujus
295 3403 513 3475 mentionem
535 3402 727 3488 babemus,
745 3408 963 3492 captivorum
983 3381 1098 3474 caedes
1118 3403 1237 3493 potius

174 3524 322 3596 ultionis
350 3543 456 3615 quam
486 3525 651 3597 utilitatis
679 3524 790 3616 gratia
817 3525 855 3594 in
881 3525 1053 3596 bonorem
1081 3524 1238 3597 defuncti
1334 3624 1335 3627 Ν

174 3647 313 3721 videtur
331 3655 534 3740 perpetrata
557 3647 568 3743 (
593 3646 621 3742 ).

207 3871 239 3940 (l)
258 3874 371 3940 Virgil,
385 3877 483 3938 diceb,
497 3888 528 3937 x,
543 3876 604 3935 519,
617 3876 676 3938 5203
690 3888 731 3937 xr,
744 3877 783 3927 81.

207 3964 239 4027 (1)
256 3963 386 4028 scriptu,
400 3965 484 4030 lpbig.
501 3968 587 4025 Toum,
604 3966 689 4027 18-11,
705 3965 819 4016 380-391.

205 4050 238 4118 (3)
258 4051 762 4119 Ριιιιιιωιι.,11ιοηι11,1111111..
782 4055 821 4106 tt.
843 4055 883 4106 dt.
905 4055 1064 4121 Daremberg
1085 4061 1111 4106 et
1131 4054 1236 4118 Sagllo,

176 4139 239 4192 litat·
257 4141 300 4191 des
314 4143 462 4205 antiqultds,
479 4143 616 4207 Agricola,
633 4161 658 4209 p.
678 4146 729 4196 161.

207 4228 240 4294 (d)
257 4228 388 4290 Maerob„
406 4233 522 4294 Soluto„
541 4233 565 4294 l,
585 4233 627 4296 11,
647 4234 681 4284 18.
696 4258 697 4261 ¹

207 4315 241 4379 (5)
257 4315 302 4374 Oi,
313 4317 601 4382 Hermann-Bldmuer,
619 4323 745 4374 lebrbucb
758 4324 801 4372 der
819 4323 914 4386 griarlt.
932 4321 1125 4385 Antiquitatum,
1140 4318 1239 4368 Grieclt.

339 4427 357 4470 r
1057 4411 1074 4474 3
