3270 5244
744 1277 888 1352 CAPUT
912 1278 1121 1352 TERTIUM.

400 1628 446 1681 an
473 1626 608 1696 nonme
634 1626 764 1680 sremm
791 1626 984 1681 urrmeuurt
1014 1626 1057 1679 rr
1085 1626 1310 1682 nrmunnurr
1338 1627 1464 1682 rruso·

450 1744 568 1806 neuun
587 1752 663 1805 surr
682 1751 859 1814 maenum,
875 1751 985 1805 Juxro
1002 1750 1165 1806 uouruos
1182 1751 1274 1819 onos
1289 1752 1466 1807 rumorum

450 1854 648 1929 uurosrrni

450 2187 478 2259 E
492 2185 635 2259 duobus
649 2186 882 2278 opinionibus
898 2204 1008 2279 supra
1022 2187 1210 2280 expositis,
1228 2189 1306 2262 haee
1319 2188 1464 2262 incertis

401 2313 446 2387 de
464 2312 586 2404 ignota
604 2319 639 2385 et
656 2330 786 2384 aroana
811 2312 984 2403 religione
1005 2313 1219 2404 conjecturis
1244 2333 1382 2418 errare,
1403 2313 1465 2386 illa

399 2444 518 2509 autem
546 2434 745 2526 sigillorum
770 2454 877 2507 usum
901 2436 1051 2508 arctiore
1071 2437 1228 2526 quodem
1256 2438 1371 2510 limite
1395 2436 1462 2510 cir-

401 2558 639 2633 cumscribere
670 2565 705 2631 et
734 2558 773 2629 in
801 2559 884 2632 ritae
912 2559 1134 2650 quotidianae
1160 2559 1315 2645 linibus,
1350 2568 1390 2634 ut
1416 2561 1465 2634 ita

400 2683 536 2767 dicam,
557 2682 742 2755 includere
760 2684 959 2756 ridebatur.
981 2685 1077 2756 lnter
1096 2691 1286 2775 utramque
1305 2686 1464 2759 medium

403 2809 508 2900 quasi
532 2808 650 2880 looum
675 2815 822 2900 oooupat
845 2808 949 2881 tertia
973 2808 1138 2898 quaedam
1163 2810 1466 2900 sententiaque

383 2931 611 3024 religionem
631 2932 669 3001 in
683 2931 743 3021 J'us
762 2950 868 3003 suum
888 2932 1046 3005 restituit
1060 2950 1179 3023 neque
1196 2932 1296 3004 illius
1315 2933 1466 3005 auotori-

402 3062 510 3130 tatem
530 3055 602 3127 nisi
617 3053 731 3127 firmis
747 3063 782 3128 et
797 3057 964 3147 spectatis
980 3055 1200 3147 argumentis
1217 3055 1377 3129 defendit
1400 3053 1464 3151 (l).

403 3179 568 3271 Plerique
587 3179 683 3252 enim
708 3179 752 3251 de
779 3179 908 3271 sigillis
932 3178 1078 3252 domum
1104 3187 1166 3251 aut
1189 3181 1392 3271 sepulerum
1412 3198 1467 3251 or-

402 3303 574 3377 nantibus
590 3303 809 3376 disserentes
828 3303 1000 3376 lihentius
1020 3304 1255 3395 neglexerunt
1270 3323 1467 3378 memorare

403 3447 509 3520 quam
543 3429 666 3503 multae
692 3428 867 3520 imagines
900 3428 1048 3500 deorum
1080 3428 1301 3520 dearumque
1332 3428 1465 3522 figuras

402 3552 618 3643 exprimant,
637 3552 739 3642 eujus
756 3558 895 3624 naturae
910 3551 984 3624 sint
1002 3551 1075 3624 illae
1088 3550 1225 3644 figura,
1243 3572 1353 3644 quam
1371 3571 1467 3646 saepe

402 3675 449 3748 ad
467 3675 554 3749 deos
574 3675 710 3749 inferos
733 3674 949 3766 pertineant.
982 3677 1168 3762 Quomodo
1192 3677 1298 3751 nobis
1324 3678 1467 3753 eredere

436 3986 467 4047 (l)
487 3984 610 4048 Heuzey‚
628 3956 757 4035 Nodoelltr
772 3982 912 4036 recherches
929 3997 975 4037 eur
996 3981 1030 4037 lea
1045 3990 1216 4052 temes-cuites
1229 3999 1346 4052 greeques
1363 3987 1465 4051 (Monte

401 4082 481 4125 mento
501 4088 570 4137 greco·
596 4071 696 4137 publiea
714 4085 764 4135 por
783 4072 964 4125 l’Assoeiution
984 4089 1049 4138 pour
1069 4075 1295 4151 l'eytoourogemeut
1312 4079 1355 4128 des
1373 4079 1468 4128 illudes

401 4177 524 4227 greonem,
544 4163 653 4226 tatae
673 4158 1008 4227 l‚i).0t.lppend.(l⁷r).
1048 4175 1053 4188 ¹
1095 4154 1101 4184 ⁵
1187 4174 1193 4185 ·
