3246 5234
601 572 762 637 --81-

151 708 274 782 crariis
294 709 537 801 ponerentur?
554 711 648 797 Quid
664 711 779 784 dicarn
795 711 839 784 de
855 712 998 785 tabellis
1017 713 1214 786 Corinthiis

152 835 950 928 quaerariavitaeburnanaeoperaexprimunt,
970 838 1020 910 ita
1032 845 1072 910 ut
1084 857 1126 910 ea
1141 857 1214 911 non

150 959 267 1030 solurn
288 960 469 1051 Neptuno,
499 959 562 1032 sed
583 960 730 1033 cuilibet
748 962 889 1033 numini
915 962 1032 1034 dicare
1052 962 1216 1035 licuerit?

151 1085 227 1156 Mea
241 1083 349 1175 igitur
367 1086 558 1168 sententia,
576 1083 804 1176 fingebantur
824 1085 862 1156 in
879 1085 1031 1158 officinis
1048 1085 1214 1177 quaedam

152 1226 271 1300 opera,
290 1215 329 1280 ut
348 1208 398 1279 ita
416 1208 546 1291 dicarn,
566 1209 758 1300 praefinita,
783 1228 936 1300 quorum
956 1229 1044 1282 usus
1064 1211 1142 1301 ipso
1158 1229 1214 1282 as-

151 1339 254 1422 pectu
273 1332 578 1415 denuntiabatur;
601 1334 672 1404 alia
698 1340 817 1406 autem
842 1335 1067 1425 inpromptu
1090 1342 1212 1418 orant,

153 1475 245 1546 quaa,
277 1456 443 1528 liberiore
470 1455 616 1528 artificis
644 1457 793 1530 consilio
821 1458 1029 1539 internata,
1058 1458 1212 1541 nullum,

141 1580 221 1651 'nisi
242 1599 285 1652 err
301 1580 472 1671 emptoris
486 1582 668 1653 voluntate
687 1588 722 1653 et
739 1581 976 1663 dedicatione,
994 1581 1216 1673 accipiebant

152 1718 311 1778 sensum.

201 1834 277 1902 buo
303 1832 427 1904 eadern
462 1850 591 1924 genera
618 1832 657 1902 in
687 1832 947 1922 sepulcralibus
976 1831 1104 1923 sigillis
1136 1851 1215 1904 esse

153 1955 298 2028 senties.
321 1957 485 2028 Collectis
500 1956 572 2028 lere
592 1956 768 2028 sexcentis
784 1956 1049 2047 Myrinensibus
1069 1957 1215 2028 sirnula·

152 2081 233 2162 cris,
251 2081 349 2153 baud
369 2100 460 2172 aegre
480 2080 713 2152 discrevimus
733 2098 814 2170 quae
833 2080 879 2151 ad
898 2079 1146 2152 detunctorum
1166 2099 1217 2153 re-

153 2204 319 2296 ligionem
339 2206 576 2296 pertinerent,
602 2224 683 2296 quae
701 2212 820 2278 autem
841 2206 1031 2277 incertiore
1051 2213 1215 2296 cognato-

152 2348 230 2401 rum
250 2330 431 2402 voluntate
454 2331 556 2420 juxta
583 2329 769 2401 defunctos
796 2329 959 2420 deposita
978 2329 1123 2400 luerint.
1151 2328 1216 2399 llla

152 2452 411 2524 animadvertes
436 2452 559 2524 cadem
588 2452 782 2524 formarum
808 2451 1045 2523 similitudine
1073 2451 1214 2541 conspi-

152 2595 228 2660 cua,
251 2595 358 2667 quarn
378 2595 493 2667 nuper
512 2577 736 2650 ostendimus
756 2578 794 2647 in
814 2576 941 2666 sigillis
962 2575 1111 2648 deorurn
1131 2581 1217 2646 tem·

152 2702 211 2792 pla
240 2700 477 2783 ornantibus;
514 2702 591 2774 hac
623 2708 741 2773 autem
776 2706 920 2791 aspectu
955 2699 1213 2771 diversissima.

152 2825 255 2897 llaud
273 2825 470 2897 insolenter
489 2826 610 2909 siebat,
629 2835 668 2899 ut
687 2827 725 2898 in
745 2844 817 2898 uno
838 2826 1001 2916 sepulcro
1017 2824 1215 2916 depreben-

151 2950 316 3023 dercrnus
341 2951 466 3042 viginti
494 2951 638 3023 Sirenas
669 2958 730 3023 aut
758 2951 865 3023 ctiam
892 2967 1042 3022 numero
1071 2951 1214 3040 plures,

152 3075 248 3148 nudo
275 3095 438 3167 corpore,
465 3077 532 3148 alis
560 3077 826 3167 pendentibus,
856 3055 1016 3147 crinibus
1042 3075 1159 3165 passis
1182 3081 1217 3146 et

152 3198 1216 3292 mmmmmfflfflmwmffimmmmmmm

151 3327 342 3398 acerbitate
370 3324 437 3417 (l).
470 3327 539 3398 Nec
567 3327 744 3406 dubium,
777 3325 865 3415 quin
897 3323 1023 3394 babitu
1052 3328 1086 3392 et
1115 3328 1214 3412 gestu

152 3456 382 3540 cognatorum
402 3468 466 3541 pro
488 3449 654 3522 defuncto
674 3449 871 3539 lugentium
897 3446 1055 3517 dolorem
1085 3451 1119 3516 et
1147 3445 1216 3516 sol-

152 3571 355 3644 licitudines
385 3557 640 3663 significarent.
668 3571 816 3644 timores
843 3588 987 3661 quoque
1012 3568 1216 3640 invenimus

151 3695 301 3770 inversae
320 3696 386 3768 laci
410 3697 575 3775 innixos,
598 3697 699 3768 vultu
723 3702 938 3777 moerentes;
961 3692 1105 3765 eosdern
1126 3692 1216 3765 lecto

152 3820 322 3892 cubantes
342 3827 376 3891 et
395 3821 498 3911 quasi
517 3822 642 3891 mortis
666 3839 792 3892 somno
808 3836 1023 3910 oppressos;
1047 3815 1214 3886 rnulieres

151 3949 211 4014 aut
233 3943 326 4015 viros
353 3944 391 4014 in
410 3944 570 4015 convivio
590 3944 731 4016 lunebri
753 3943 917 4015 sedentes
939 3947 1046 4030 atquc
1071 3955 1216 4010 coenan-

152 4072 204 4137 tes
233 4063 312 4160 (2);
341 4067 586 4158 imagunculas
622 4067 766 4140 tandem
800 4068 933 4145 alatas,
966 4083 1047 4154 qrrae
1080 4061 1215 4131 incerto

183 4265 215 4328 (l)
237 4264 302 4316 eccll.
320 4266 350 4316 dc
365 4281 430 4316 corr.
448 4264 548 4326 hellen..
562 4278 598 4322 vr,
615 4285 639 4331 p.
656 4265 772 4317 titt-titi

188 4356 218 4418 (a)
238 4358 363 4417 rota.,v1‚
380 4373 405 4420 p.
418 4356 538 4407 ert-579.

315 4466 333 4507 P
