3270 5244
631 541 790 606 ..39-

179 677 331 753 mirum?
346 681 515 752 Romanae
534 678 680 770 quidem
704 687 790 752 sunt
808 682 941 764 celatim
965 680 1062 753 baud
1081 700 1173 773 aegre
1189 683 1249 753 in-

179 802 362 895 telligitur,
389 804 569 895 quomodo
588 823 610 875 a
630 804 865 896 principibus.
880 823 1069 896 supremus
1096 806 1157 893 ille
1182 806 1245 878 bo·

179 946 245 1000 nos
265 928 446 1019 usquead
465 926 610 1002 infimos
636 929 729 1002 cives
751 929 923 1020 paulatim
944 929 1145 1004 defluxerit.
1173 930 1244 1002 Nos

179 1059 298 1126 autem
315 1053 495 1125 Romanas
515 1071 571 1127 res
583 1049 662 1124 'non
677 1072 857 1126 curamus.
877 1054 1023 1136 Verum,
1041 1059 1167 1144 quarto
1183 1071 1246 1126 sae

180 1176 257 1250 culo
276 1183 360 1249 anie
387 1177 470 1249 Chr.
494 1194 549 1259 n.,
571 1196 650 1250 cum
671 1195 801 1269 magna
822 1176 1026 1268 figlinorum
1048 1176 1245 1268 sigillorum

180 1303 280 1395 copia
299 1302 463 1393 sepulcra
478 1304 598 1378 Graeca
615 1303 742 1376 llorere
757 1310 959 1394 coeperunt,
982 1303 1078 1375 bunc
1091 1301 1246 1374 valuisse

181 1443 314 1500 morem
334 1427 372 1497 in
391 1427 593 1500 Graecorum
615 1426 786 1518 religione
805 1444 991 1519 negamus.
1012 1430 1189 1511 Errorem
1207 1433 1247 1499 ul

180 1551 325 1642 opinor,
355 1551 476 1624 attulit
497 1551 697 1642 sigillomm
722 1551 858 1642 species
889 1551 927 1622 in
954 1551 1049 1624 Asiae
1074 1551 1247 1643 sepulcris

179 1682 399 1767 repertorum
422 1698 431 1746 :
451 1694 604 1766 quorum
620 1674 658 1745 in
674 1692 824 1746 numero
844 1674 1018 1765 plurimas
1038 1673 1186 1747 deorum
1206 1674 1248 1745 fl-

179 1819 283 1894 guras
307 1800 569 1873 animadvertes
602 1796 666 1894 (1).
690 1799 778 1871 Cum
799 1805 917 1872 aulem
937 1800 1108 1891 pleraque
1127 1799 1248 1872 nescio

181 1921 268 2016 quid
284 1925 453 1997 Romanae
472 1922 560 1995 ariis
579 1921 740 1994 redolere
756 1922 944 1994 videantur
964 1909 1041 2017 (i),¹
1056 1942 1097 1995 eo
1118 1923 1248 2014 perdu-

180 2050 267 2123 ceris
288 2055 328 2123 ut
354 2050 478 2122 eadem
500 2067 579 2121 cum
605 2050 846 2120 Romanorum
873 2049 1044 2140 religione
1072 2049 1245 2144 conferas.

179 2174 303 2246 Nonne
332 2179 472 2252 autem,
509 2173 540 2243 si
575 2190 656 2243 vera
685 2171 838 2262 cogitare
868 2172 1053 2255 volumus,
1091 2171 1246 2262 primum

180 2298 375 2388 sigillorum
405 2304 521 2368 orium
555 2297 762 2387 perquirere
794 2303 901 2387 alque
933 2315 1008 2368 rem
1037 2297 1082 2368 ab
1110 2296 1246 2387 origine

180 2427 337 2512 repetere
356 2418 476 2493 decet‘l
505 2419 609 2511 upon
637 2419 777 2491 Graecos
804 2419 1025 2491 increbuisse
1051 2419 1245 2509 accipimus

179 2547 254 2620 haec
281 2547 472 2618 simulacra
491 2564 572 2636 quae
596 2545 643 2617 ad*
669 2563 817 2636 magnas
837 2547 946 2627 beas,
977 2545 1022 2616 ad
1046 2544 1243 2616 inferorum

178 2652 332 2742 Numina
347 2669 528 2760 pertinent
542 2675 603 2742 aut
623 2687 703 2761 quae
720 2668 878 2741 reierunt
893 2669 1087 2740 humanam
1103 2674 1243 2759 gentem

179 2793 215 2865 in
236 2792 342 2864 variis
363 2793 444 2867 viiae
462 2791 600 2865 artibus
618 2799 832 2864 versantem.
862 2794 902 2864 ln
922 2792 1124 2884 Tanagraeis
1148 2791 1248 2883 sigil-

178 2921 220 2995 lis
240 2922 312 2993 lere
332 2920 432 2991 nulla
451 2928 598 3010 apparet
613 2921 774 2993 Herculis
795 2927 856 2992 aut
880 2917 1058 3010 Apollinis
1078 2925 1139 2990 aui
1161 2919 1243 2988 Bac·

178 3047 235 3119 ubi
253 3047 383 3139 imago.
406 3043 478 3115 Ubi
495 3046 601 3137 igilur
620 3044 682 3116 illa
701 3043 932 3122 consecratio,
956 3059 1035 3131 quae
1060 3040 1244 3131 religionis

179 3174 280 3264 quasi
299 3153 582 3247 'fundamentum
612 3168 786 3243 babetur?
809 3169 859 3240 Ne
888 3168 1072 3239 sincerum·
1097 3166 1242 3257 quidem

178 3297 338 3371 inuenies
358 3305 606 3390 argumentum
628 3297 666 3368 in
686 3294 816 3366 Graecis
837 3293 930 3364 Asiae
949 3290 1122 3381 sepulcris
1146 3287 1243 3380 quod

176 3423 280 3495 istius
301 3421 578 3494 consecracionis
598 3438 703 3492 usum
727 3415 932 3498 confirmem
955 3433 1039 3485 nam
1059 3413 1128 3504 ipsi
1151 3431 1242 3485 non-

179 3546 277 3617 nulla
294 3545 519 3636 inspeximus
537 3542 700 3633 sepulcra
719 3538 905 3630 inquibus
925 3537 1074 3609 diuersae
1094 3534 1241 3608 deorum

179 3655 370 3761 imagines
387 3669 520 3742 scilicet
537 3665 712 3747 Herculis,
738 3661 926 3754 Apollinis,
951 3659 1094 3741 Bacchi,
1118 3658 1238 3750 sepul-

180 3795 224 3867 tis
239 3796 348 3868 unius
368 3791 526 3868 defuncti
546 3790 690 3863 ossibus
710 3787 965 3860 miscebantur.
987 3786 1057 3858 Nee
1076 3797 1248 3874 sanepm·

210 4212 244 4276 (l)
258 4210 393 4269 Frochner‚
410 4207 522 4274 Priscae,
539 4223 564 4271 p.
579 4209 602 4258 3.

210 4301 243 4366 (1)
261 4303 310 4359 ld..
326 4315 352 4364 p.
371 4300 393 4360 3,
409 4301 433 4352 5.
