3270 5244
847 529 1007 595 ..341-

440 670 646 741 laetamen
672 669 826 740 heroicis
853 665 1076 757 temporibus
1102 666 1199 737 hunc
1224 682 1359 737 morem
1384 664 1460 755 pla-

395 793 512 866 cuissc
531 799 566 865 et
585 791 735 876 sensim,
753 791 909 884 pristina
926 790 1063 863 feritate
1083 789 1235 874 mollita,
1256 789 1457 862 evanuisse.

394 916 591 1005 Quomodo
606 934 680 988 non
695 915 908 989 mirabimur
921 922 992 987 tam
1006 933 1085 986 sera
1100 913 1322 986 increbuisse
1337 912 1460 1004 figlina

394 1043 527 1134 sigilla,
546 1061 627 1132 qnae
645 1043 683 1113 in
699 1041 894 1113 viventium
916 1041 1025 1113 vicem
1045 1040 1196 1111 mortuis
1215 1034 1462 1111 traderentur?

396 1166 499 1237 Haud
519 1166 615 1238 enim
637 1164 807 1238 credibile
826 1170 881 1236 cst
900 1182 1016 1254 usque
1035 1163 1081 1235 ad
1102 1162 1271 1236 sacculum
1293 1162 1459 1252 quintum

395 1297 478 1363 ante
502 1289 586 1362 Chr.
614 1297 739 1362 natum
767 1283 1037 1361 cruentissimos
1065 1288 1147 1359 illos
1172 1286 1328 1359 valuisse
1351 1287 1457 1359 ritus.

396 1417 492 1503 Quos
508 1416 538 1487 si
554 1415 748 1488 exstinctos
760 1413 985 1485 existimabis
1002 1431 1074 1484 non
1089 1414 1202 1485 multo
1218 1417 1300 1504 posi
1316 1411 1460 1483 Homeri

397 1548 550 1623 aetatem,
573 1539 670 1613 haud
689 1539 812 1630 procul
831 1559 852 1609 a
871 1538 1031 1622 veritate,
1054 1545 1093 1611 ut
1112 1537 1264 1618 videtur,
1283 1535 1458 1610 discedes.

397 1663 565 1743 Athenis,
593 1664 724 1735 Solone
743 1661 910 1752 jubente,
938 1680 984 1734 nc
1008 1662 1135 1734 hovem
1162 1660 1307 1751 quidem
1335 1667 1461 1732 necare

397 1785 436 1856 in
454 1785 635 1876 exsequiis
655 1786 708 1857 las
728 1793 803 1858 erat
825 1781 889 1879 (l).
912 1785 999 1856 Cum
1024 1784 1121 1857 Plato
1141 1783 1360 1858 demonibus
1377 1783 1460 1855 civi·

398 1918 511 1984 tatum
528 1911 697 1983 continuo
712 1910 859 1982 mutatis
874 1910 982 1983 verba
996 1909 1095 1994 lacit,
1114 1911 1312 1982 hostiarum
1327 1909 1459 1982 caedem

397 2035 435 2106 in
459 2053 590 2125 pompa
618 2034 760 2106 funebri
787 2034 935 2106 omnino
962 2034 1159 2106 obsoletam
1190 2041 1363 2106 memorat
1394 2028 1458 2126 (h).

296 2205 299 2210 -
399 2159 475 2244 Quo
506 2155 612 2228 medo
640 2157 748 2248 igitur
776 2158 882 2229 nohis
909 2158 1046 2249 placeat
1071 2158 1231 2229 Platonis
1260 2156 1460 2247 aequalibus

381 2281 492 2352 hanc
516 2279 730 2352 sententiam
757 2280 934 2364 tribuere,
961 2299 1033 2371 qua
1060 2297 1138 2352 mos
1164 2280 1400 2371 perantiquus
1428 2283 1462 2350 et

395 2406 536 2496 jamdiu
569 2407 750 2498 neglectus
783 2412 966 2478 revocatus
995 2404 1067 2478 sit?
1099 2406 1137 2478 Si
1167 2406 1312 2496 quando
1346 2403 1462 2477 tenuit

400 2531 621 2602 cousuetudo
652 2530 776 2621 figlina
804 2530 922 2622 sigilla
948 2531 986 2601 in
1012 2531 1129 2603 lecum
1158 2530 1352 2602 viventium
1378 2548 1462 2621 sup-

400 2654 577 2745 ponendi‚
611 2655 678 2726 hoc
712 2673 799 2727 sane
831 2654 981 2727 artifieio
1014 2655 1071 2728 usi
1109 2661 1194 2727 sunt
1226 2655 1337 2727 Graeci
1372 2671 1462 2744 quos

400 2777 558 2869 pudebat
583 2780 748 2852 verendis
776 2779 941 2870 pristinae
959 2780 1149 2871 religionis
1180 2779 1319 2871 legibus
1342 2778 1460 2851 obsis-

400 2906 490 2984 tere,
520 2906 555 2972 ct
586 2901 648 2990 qul
682 2901 803 2973 solerti
833 2901 977 2992 ingenio
1006 2901 1237 2973 indulserunt
1263 2906 1303 2973 ut
1331 2901 1464 2992 pariter

401 3021 471 3093 dlis
491 3023 655 3095 Manibus
681 3031 789 3112 atque
815 3024 1031 3095 humanitati
1052 3023 1309 3097 satisfacerent.
1338 3024 1464 3097 Nonne
1576 3073 1577 3076 ν

401 3146 486 3220 iude
519 3147 682 3238 sequitur
715 3152 755 3219 ui
787 3147 985 3239 praesertim
1019 3147 1058 3220 in
1091 3149 1282 3242 sepulcris,
1310 3168 1462 3240 quorum

388 3279 487 3367 ¹aetas
529 3273 720 3347 homericis
759 3274 982 3364 temporibus
1021 3274 1168 3365 propior
1207 3274 1369 3359 videtur,
1406 3295 1462 3352 re·

400 3583 602 3650 Privatolterth„
618 3599 644 3652 p.
662 3584 725 3640 381:
745 3606 758 3635 α
777 3589 804 3652 ja
820 3586 889 3640 auch
901 3581 1021 3639 Geliehte
1038 3584 1092 3639 und
1106 3584 1259 3655 Gelongene
1271 3588 1397 3658 getiidtet,
1411 3604 1466 3645 was

401 3681 505 3731 trellich
519 3682 547 3729 in
562 3681 733 3730 historischer
745 3680 802 3730 Zeit
813 3686 896 3730 etwas
911 3680 1044 3730 durchaus
1059 3683 1172 3732 seltenes
1191 3697 1256 3733 war,
1274 3701 1286 3728 ν

431 3770 464 3836 (l)
484 3769 628 3831 Plutarch,
644 3769 743 3827 Solon„
756 3767 784 3819 al
803 3784 808 3820 :
827 3789 839 3816 ο
856 3769 989 3833 Ἐναγίζειν
1004 3772 1029 3822 δὲ
1044 3773 1103 3822 liobe
1118 3772 1163 3822 οὐκ
1178 3772 1269 3823 ἐίαοεν.
1285 3789 1295 3816 1

432 3861 465 3926 (θ)
485 3860 587 3922 Platon,
600 3861 689 3920 llinos,
703 3875 729 3923 p.
740 3858 786 3909 315
800 3875 806 3908 :
820 3880 831 3904 ιι
840 3862 894 3911 ἐπεὶ
908 3861 987 3926 αὐτίχ’
997 3865 1055 3925 ἡμῖν
1069 3863 1111 3926 μὲν
1124 3862 1152 3911 οὺ
1164 3862 1238 3925 νόμος
1247 3863 1313 3913 ἐστὶν
1326 3862 1468 3928 ἀνθρώπους

399 3948 473 4009 θύειν,
488 3949 657 4009 ἀλλ’ἀνόσιον,
671 3949 835 4015 Καρχηδόνιοι
849 3950 875 4000 δὲ
888 3951 996 4004 θύουσιν.
1012 3953 1045 4007 ὡς
1059 3951 1127 4002 όσιον
1143 3952 1169 4000 όν
1180 3951 1223 4000 καὶ
1235 3951 1339 4016 νόμιμον
1353 3952 1465 4010 αὐτοῖς...

402 4035 498 4101 Ὥσπερ
512 4038 554 4087 καὶ
569 4040 632 4100 ἡμᾶς
651 4038 739 4094 αὐτοὺς
755 4039 827 4088 οἶσθά
844 4056 892 4089 που
907 4039 950 4089 καὶ
965 4040 1037 4097 αὐτὸς
1050 4040 1156 4099 ἀκούων,
1169 4039 1229 4096 olor<
1238 4040 1321 4105 νόμοις
1337 4042 1468 4106 ἐχριόμεθα

401 4128 505 4193 προτοῦ
519 4128 575 4192 περὶ
589 4128 644 4184 τοὺς
659 4127 830 4183 ἀποθανόντας,
845 4129 924 4191 ἱερεῖά
937 4145 965 4178 τε
980 4128 1174 4194 προςρόττοντες
1187 4128 1234 4192 πρὸ
1249 4133 1290 4188 τῆς
1306 4128 1408 4195 ἐκφορᾶς
1422 4133 1467 4179 τοῦ

399 4208 487 4279 νεκροῦ
500 4217 543 4265 καὶ
557 4215 741 4281 ἐγχοτριστρίας
755 4217 971 4280 μεταπεμπόμενοι
985 4234 991 4245 ’
1003 4219 1026 4267 ol
1039 4217 1093 4267 δἀθ
1103 4216 1203 4268 ἐκείνων
1216 4216 1253 4272 ἔτι
1261 4218 1379 4284 πρότερον
1391 4218 1466 4268 αὐτοῦ

398 4305 441 4352 καὶ
452 4296 556 4356 ἔθαπτον
568 4306 593 4354 ἐν
604 4310 633 4368 τῇ
648 4305 714 4371 οἰκίᾳ
727 4306 783 4362 τοὺς
798 4305 965 4362 ἀποθανόντας
978 4321 983 4335 ·
997 4308 1067 4368 ἡμεῖς
1078 4307 1105 4358 δὲ
1118 4306 1213 4359 τούτων
1227 4306 1296 4358 οὐδὲν
1309 4310 1438 4370 ποιοῦμεν.
1452 4321 1464 4347 ν
