3270 5244
606 529 763 590 ..51-

158 667 435 762 «proplasmata
455 693 470 731 ›
493 672 590 739 tanta
609 665 829 739 excellebant
843 670 919 738 arte
937 671 977 738 ut
995 665 1041 737 ab
1061 664 1142 738 aliis
1161 685 1216 739 ar·

152 791 308 865 tificibus
326 808 455 883 magno
475 795 678 865 emerentur
697 785 761 884 (l).
784 789 941 862 Plurima
960 796 1078 862 autem
1100 790 1217 882 sigilla

153 916 335 1009 religionis
373 934 479 989 causa
521 914 820 1007 comparabantur
857 920 894 987 et
929 915 1084 1006 privatas
1121 913 1217 988 aedes

155 1040 258 1132 quasi
288 1040 485 1133 patrocinio
516 1041 709 1113 tuebantur
737 1063 746 1109 ε
772 1037 857 1111 inde
890 1039 1036 1131 liglinus
1070 1039 1217 1130 quidam

154 1165 366 1250 Mercurius,
402 1163 592 1256 figulorum
626 1164 786 1255 ipsorum
819 1169 992 1256 patronus
1028 1159 1099 1257 (l);
1134 1163 1220 1236 inde

156 1287 346 1372 Hercules,
377 1288 439 1379 qui
465 1288 625 1380 lragilem
656 1307 695 1361 se
722 1288 872 1371 latetur,
899 1286 963 1360 sed
989 1286 1135 1362 nomine
1157 1306 1217 1361 ve·

156 1411 308 1484 rendum
323 1411 494 1504 praedicat
509 1409 574 1506 (3).
595 1414 686 1485 Sunt
703 1411 784 1485 aliae
805 1412 1040 1503 imagunculae
1059 1430 1154 1502 quae,
1175 1411 1221 1484 ad

157 1536 364 1628 religionem
391 1556 412 1608 a
431 1537 619 1610 lictoribus
639 1537 787 1609 minime
807 1536 993 1620 conlectae,
1015 1536 1221 1629 religiosum

157 1661 348 1752 quemdam
381 1680 402 1732 a
439 1660 516 1733 sula
550 1661 745 1734 ementium
782 1662 964 1733 voluntate
1001 1661 1176 1752 accipiant
1211 1684 1220 1732 ι

158 1783 262 1869 ideo,
299 1803 380 1875 quaa
414 1784 582 1858 dicuntur
607 1787 715 1879 κόραι,
751 1803 831 1856 cum
863 1785 988 1857 ceteris
1018 1783 1224 1880 crepundiis

158 1909 282 1983 Dianae
301 1916 363 1982 aut
380 1910 510 1982 Veneri
531 1916 818 1982 consecrantura
836 1908 972 2001 virgine
993 1906 1058 2003 (l).
1080 1910 1150 1983 Nec
1169 1929 1225 1982 so·

160 2033 235 2106 lum
261 2052 282 2104 a
308 2033 528 2125 virginibuS,
555 2032 619 2105 sed
647 2031 753 2105 etiam
782 2052 803 2105 a
831 2032 991 2106 barbatis
1016 2032 1226 2106 bominibus

161 2156 294 2231 dicatas
326 2158 407 2229 illas
439 2176 555 2249 pupas
586 2155 723 2230 deridet
752 2158 955 2229 Lactantius
985 2152 1049 2250 (b).
1081 2157 1228 2230 Constat

150 2279 256 2354 ‚enim
277 2299 441 2373 magnam
462 2281 634 2353 babuisse
648 2287 796 2371 partem
820 2280 857 2350 in
880 2280 1027 2352 deorum
1050 2282 1224 2353 Romano-

162 2420 240 2474 rum
268 2379 365 2476 cultu
392 2403 536 2495 sigilla,
562 2402 760 2493 praesertim
789 2420 868 2474 cum
892 2409 1080 2493 agerentur
1105 2403 1225 2476 Satur-

80 2534 84 2538 ’
161 2527 277 2611 nalia,
298 2529 399 2618 cujus
415 2526 491 2599 dies
511 2526 639 2598 ultima
658 2526 905 2617 appellabatur
925 2526 1101 2617 Sigillaria
1124 2551 1132 2597 :
1154 2546 1226 2618 qua

164 2650 308 2741 quidem
335 2651 425 2723 leste
448 2650 506 2723 die
533 2650 676 2721 lamulis
704 2649 938 2722 mittebantur
964 2650 1009 2722 ab
1031 2650 1128 2723 beris
1148 2668 1226 2722 mu-

164 2774 315 2848 nuscula
334 2775 529 2858 nonnulla,
551 2774 645 2846 inter
665 2793 746 2865 quae
767 2775 941 2866 imagines
961 2793 980 2847 e
1000 2793 1078 2847 cera
1097 2776 1152 2848 vel
1171 2795 1226 2848 ar-

197 3053 362 3118 (llpliniua,
378 3065 464 3112 xxxv,
485 3052 536 3104 156.
559 3054 631 3103 Idem
653 3055 803 3117 magnificat
823 3056 1004 3117 Arcesilaum,
1029 3057 1102 3109 Lucii
1123 3059 1229 3111 Luculli

165 3141 331 3203 familiarem,
346 3143 423 3205 cujus
435 3143 612 3205 proplasmata
627 3142 710 3205 pluria
723 3143 815 3193 venire
827 3144 904 3194 solita
913 3146 1059 3196 artificibus
1073 3148 1137 3209 ipsis
1150 3162 1229 3210 quam

165 3231 279 3281 aliorum
293 3244 380 3294 opera.

197 3319 230 3384 (2)
242 3319 390 3376 Nicaenet.,
408 3318 513 3372 lactet.
538 3318 626 3379 Plura,
649 3333 710 3380 xvr,
728 3319 768 3369 191
791 3340 796 3368 :
812 3321 918 3372 Αύτύθεν
934 3322 1079 3388 ύστράκινύν
1100 3340 1130 3386 με
1146 3325 1188 3373 καὶ
1203 3325 1228 3374 ἐν

164 3411 225 3460 ποσὶ
240 3412 322 3473 γήϊνον
341 3407 430 3475 Ἑρμῆν
446 3433 477 3444 -
496 3408 601 3458 ἔπλασεν
615 3409 701 3474 ἁψῖδος
715 3409 803 3465 κύκλος
816 3409 978 3473 ἑλισσόμενος.
994 3436 1026 3448 -
1043 3412 1124 3471 netu<
1140 3414 1230 3480 ῖρυρά-

165 3499 207 3558 θην
223 3517 229 3528 ·
245 3500 273 3549 οὺ
287 3499 421 3563 ψεύσομαι.
443 3497 508 3549 Ἀλλ’
524 3497 640 3561 ἐφίλησα,
654 3524 684 3534 -
698 3499 718 3547 ὦ
733 3499 799 3559 ξεῖν’,
813 3500 953 3565 ύστρακέων
966 3501 1087 3568 δύσμορον
1103 3503 1229 3569 ἐργασίην.

197 3587 232 3654 (3)
246 3587 333 3645 Mart,
349 3601 401 3649 xlv,
425 3585 477 3638 lta.
499 3588 638 3652 (Herculea
651 3588 758 3652 fictilia)
777 3586 841 3639 Sum
857 3589 958 3652 fragilis
974 3610 979 3639 :
999 3591 1044 3640 sed
1063 3597 1104 3648 tu,
1120 3606 1228 3655 moneo,

167 3691 201 3729 ne
215 3691 308 3741 sperne
324 3678 490 3745 sigillumw-
505 3676 565 3727 Non
580 3678 661 3740 pudet
674 3677 788 3727 Alciden
801 3691 897 3728 numen
914 3680 1010 3730 babere
1026 3695 1124 3731 meum.

199 3766 235 3832 (4)
248 3765 353 3820 Actiaci.
366 3765 461 3829 Palea,
473 3777 509 3826 vr,
526 3766 589 3817 280:
605 3769 732 3833 Τιμαρέτα
747 3768 795 3831 πρὸ
810 3768 899 3831 γάμοιο
911 3770 943 3819 τὰ
956 3770 1081 3833 τύμπανα,
1094 3773 1136 3832 τήν
1150 3773 1232 3836 τ’ἐρα·

166 3859 247 3918 τεανήν
260 3883 290 3894 -
305 3862 419 3923 σφαῖραν,
430 3857 472 3906 τόν
484 3874 511 3906 τε
521 3857 599 3919 κόμας
610 3858 702 3923 ῥύτορα
715 3858 875 3924 κεκρύφαλον,
886 3883 915 3895 -
926 3859 968 3916 τάς
981 3877 1009 3910 τε
1021 3862 1105 3928 κόρας,
1115 3865 1231 3927 brundam,

167 3945 231 4012 αύρρι
244 3946 321 4012 κόρα,
336 3949 369 4003 ὡς
386 3946 505 4004 ἐπιεικὲς,
521 3971 550 3982 -
570 3946 670 4002 ἄνθετο,
685 3946 728 3995 καὶ
743 3947 775 3996 τὰ
788 3944 862 4010 κὀροῖν
879 3947 994 4011 ἑνδύματ’
1015 3947 1148 4016 Ἀρτέμιδι.
1166 3950 1233 4001 Per.

169 4032 244 4093 siue,
264 4035 331 4095 Sua,
350 4047 383 4093 11,
403 4031 490 4082 69-70.
511 4031 611 4093 Dicite,
632 4034 785 4095 pontifices,
804 4034 831 4083 in
853 4048 929 4085 sacro
944 4036 1010 4099 guid
1033 4037 1097 4088 lacit
1116 4039 1233 4088 aurumi

170 4117 271 4184 Nempe
285 4122 335 4171 boc
349 4120 419 4183 quod
436 4117 535 4171 Veneri
548 4122 652 4172 donatae
666 4122 796 4186 avii-gine
810 4135 897 4187 pupae.

203 4210 237 4275 (5)
257 4211 388 4271 lactant„
412 4224 449 4271 u,
469 4210 498 4272 l,
516 4210 553 4260 la.
618 4210 724 4276 pupas,
740 4225 793 4261 non
808 4227 823 4262 a
837 4213 986 4276 virginibus
1006 4229 1117 4277 quarum
1131 4217 1233 4266 lusibus

173 4301 250 4350 venia
261 4299 317 4350 dari
333 4303 428 4362 potest,
444 4298 490 4351 aad
505 4315 520 4348 a
534 4300 648 4351 barbatis
662 4302 814 4352 bominibus
828 4306 1002 4354 consecratas.
1111 4310 1112 4313 ’
