3270 5244
841 446 1000 506 ..50-

389 580 649 653 animadvertes
671 600 695 650 a
713 582 846 654 Catone
871 583 933 672 qui
957 583 1089 654 multos
1112 582 1281 655 audiebat
1300 581 1457 655 antefixa

389 704 512 775 fictilia
527 705 674 776 deorum
688 707 928 777 Romanorum
944 707 1101 779 ridentes
1114 705 1324 800 (l).Eadem
1337 714 1455 779 autem

388 827 511 899 fictilia
536 829 685 901 laudant
706 831 887 902 luvenalis
913 839 948 902 et
974 832 1199 922 PropertiuS,
1222 832 1356 922 quippe
1375 849 1456 922 quae

386 960 630 1043 paupertatem
650 961 685 1025 et
703 956 878 1046 majorum
898 956 1110 1046 probitatem
1126 956 1369 1047 significarent
1387 952 1451 1049 (b).

434 1079 515 1150 Mox
546 1078 632 1181 lisia
668 1088 703 1151 et
734 1082 868 1152 Graecia
891 1081 1063 1164 devictis,
1096 1082 1280 1173 signomm
1312 1082 1455 1153 luxuria

385 1201 512 1273 urbem
542 1204 691 1286 invasit,
718 1212 848 1303 atque,
875 1206 914 1276 in
938 1204 1083 1296 templis
1112 1205 1287 1290 deorum,
1321 1205 1452 1289 aeneiS,

385 1327 617 1410 marmoreis,
645 1328 814 1400 eburneis
842 1328 965 1420 figlina
992 1336 1191 1401 cesserunt.
1222 1330 1369 1403 llinimo
1397 1337 1450 1402 ta·

385 1469 469 1523 mon
504 1451 756 1544 languescebat
793 1452 957 1524 lictorum
995 1452 1192 1536 industria;
1232 1472 1299 1526 neo
1335 1454 1452 1545 sigilla

385 1576 492 1648 modo
511 1576 809 1661 informabantur,
830 1577 894 1648 sed
909 1582 1081 1649 tectorum
1100 1585 1163 1649 aut
1181 1579 1378 1668 putealium
1398 1596 1453 1649 or-

385 1708 554 1772 namenta
571 1708 694 1792 ectypa
715 1699 780 1796 (5),
801 1702 935 1773 tructus
955 1704 1063 1774 etiam
1080 1709 1188 1793 atque
1207 1703 1338 1793 pisceS,
1360 1721 1450 1794 quos

383 1825 514 1897 everis
534 1826 736 1897 discernere
755 1845 829 1897 non
850 1826 978 1897 licebat
1001 1823 1066 1919 (l).
1086 1827 1138 1898 lta
1157 1827 1277 1898 Romae
1297 1833 1451 1900 creverat
1536 1859 1538 1863 ⁴

383 1949 512 2021 borum
527 1949 691 2021 lictorum
712 1949 918 2033 multitudo,
934 1949 1044 2022 utria
1059 1951 1224 2040 quaedam
1238 1969 1360 2022 eorum
1375 1949 1449 2023 offi-

384 2076 474 2146 cinis
488 2055 725 2164 compleretur
736 2073 934 2164 atqueidao
947 2100 962 2137 ‹
975 2074 1178 2165 Sigillaria»
1195 2073 1371 2146 diceretur
1382 2071 1445 2169 (5).

432 2201 534 2285 Quod
553 2199 599 2271 ad
618 2218 724 2270 usum
744 2200 942 2291 sigillorum
961 2199 1135 2289 pertinet,
1157 2218 1179 2268 a
1195 2199 1354 2271 Varrone
1373 2206 1444 2271 tra·

382 2324 479 2396 ditur
498 2325 689 2395 statuarios
709 2325 869 2394 Graecum
888 2320 1047 2412 fingendi
1067 2322 1213 2393 modum
1229 2340 1444 2414 usurpasse,

382 2447 486 2518 initia
518 2447 636 2538 operis
669 2446 793 2538 figlina
822 2445 977 2535 quadam
1010 2446 1166 2536 imagine
1198 2445 1443 2529 delineantes,

382 2571 591 2661 priusquam
625 2571 763 2661 scalpro
796 2588 952 2641 marmor
984 2570 1198 2660 attingerent
1236 2595 1245 2642 ε
1279 2570 1446 2643 laudatur

381 2693 478 2764 enim
510 2694 686 2766 Arcesilas
719 2694 891 2784 quidam,
928 2692 1064 2765 Luculli
1094 2692 1307 2778 familiaris,
1343 2696 1443 2786 cnjus

382 2953 436 2999 tam
447 2951 524 2997 vetus
540 2947 625 2995 ltaliae
636 2948 684 3006 sit,
700 2948 787 3010 lignea
804 2948 893 3010 potius
906 2952 953 2997 aut
964 2947 1056 2997 fictilia
1072 2947 1182 2997 deorum
1197 2948 1381 2998 simulacrum
1396 2949 1443 3000 de·

380 3040 463 3089 lubris
475 3038 570 3097 dicata,
587 3036 715 3099 usquead
728 3036 859 3087 devictam
871 3037 973 3093 Asiam,
991 3037 1061 3087 unde
1073 3038 1189 3088 luxuria.

410 3129 444 3193 (l)
461 3128 513 3178 Tit.
530 3129 599 3187 Lim,
616 3140 706 3185 xxxiv,
725 3126 753 3187 l,
767 3127 789 3175 t.
805 3125 866 3177 Jam
883 3128 963 3175 nimis
978 3129 1075 3176 multos
1087 3127 1167 3177 audio
1181 3125 1300 3177 Corinthi
1314 3133 1341 3178 et
1357 3128 1442 3179 Athe·

378 3232 474 3269 narum
489 3221 642 3267 ornamenta
658 3216 795 3266 laudantes
809 3216 987 3279 mirantesque
1003 3220 1030 3265 et
1043 3218 1152 3266 antilixa
1164 3217 1255 3267 fictilia
1268 3217 1377 3267 deorum
1392 3216 1442 3268 Ro·

377 3322 515 3358 manorum
528 3307 653 3356 ridentes,

409 3397 443 3459 (i)
453 3394 470 3445 J
473 3397 585 3455 avenai,
597 3408 633 3450 xr,
651 3395 703 3444 115.
719 3393 796 3443 Hanc
809 3397 889 3443 rebus
903 3393 986 3443 latiis
999 3408 1092 3445 curam
1105 3399 1231 3459 praestare
1242 3397 1343 3445 solebat
1355 3421 1385 3433 -
1395 3396 1441 3446 lic·

378 3486 453 3535 titilis
465 3490 491 3533 et
506 3486 578 3533 nullo
591 3484 705 3532 violatus
716 3481 822 3546 Jupiter
835 3495 909 3532 auro.
925 3482 1055 3546 Propert,
1066 3497 1092 3544 r,
1110 3484 1131 3543 Ι,
1145 3484 1168 3533 5.
1185 3482 1324 3535 Fictilibus
1334 3499 1441 3535 crevere

377 3575 435 3623 deis
446 3575 504 3622 baec
518 3586 597 3621 aurea
609 3573 714 3635 templa.

406 3663 442 3724 (3)
453 3661 546 3719 Cicer,
564 3661 602 3709 lu
617 3661 703 3719 Attio,
718 3674 736 3721 r,
754 3658 790 3719 to,
803 3658 827 3708 3.
844 3658 975 3709 Praeterea
989 3661 1128 3737 typos'tibi
1141 3662 1248 3721 mando,
1261 3674 1327 3724 quos
1339 3661 1366 3711 in
1381 3666 1438 3713 tec·

376 3753 444 3802 torio
455 3751 541 3801 atrioli
556 3750 657 3812 possim
669 3749 805 3798 includere
819 3751 846 3799 et
857 3750 972 3812 putealia
985 3750 1098 3814 sigillata
1112 3750 1174 3801 duo.

408 3839 441 3904 (l)
457 3837 574 3896 Plinius,
587 3851 670 3898 xxxv,
688 3838 740 3888 ¹55.
756 3836 841 3887 Varro
855 3838 936 3887 tradit
953 3839 1004 3887 sibi
1020 3840 1156 3903 cognitum
1175 3839 1267 3890 Romae
1282 3839 1372 3889 Posim
1387 3851 1438 3889 no-

374 3929 457 3984 mine,
476 3941 557 3990 aquo
574 3928 643 3977 tacta
656 3941 734 3990 poma
752 3932 778 3976 et
794 3941 872 3985 uvas,
888 3929 951 3977 item
968 3929 1054 3991 pisces
1068 3931 1131 3991 (non
1146 3929 1241 3993 possis)
1258 3933 1367 3992 aspectu
1380 3927 1438 3978 die-

375 4032 485 4068 cernere
498 4035 513 4066 a
526 4020 604 4076 ueris.

405 4112 440 4170 ιδ)
451 4109 570 4170 Straton,
587 4108 687 4166 clarui,
705 4108 746 4168 ld;
761 4111 833 4168 Nero,
848 4107 887 4156 ι28.
903 4107 942 4157 Ct.
961 4108 1039 4166 eun..
1055 4122 1136 4170 xxxv,
1150 4107 1188 4158 lo.
1204 4108 1301 4166 Orelli,
1315 4110 1434 4171 inscript.

375 4201 460 4260 utro..
474 4199 529 4255 aas,
547 4197 615 4256 troo,
630 4197 700 4247 lter.
717 4199 791 4260 corp.
811 4199 877 4245 rosc.
891 4197 948 4252 llll..
967 4198 1000 4257 u,
1018 4195 1087 4260 roro,
1102 4197 1147 4248 519
1160 4236 1165 4253 ,
1180 4197 1250 4252 rara,
1264 4197 1304 4248 aa.
