3246 5234
575 564 577 569 .
650 521 830 584 -roa-

209 676 315 751 quam
335 657 380 730 de
400 657 612 731 funebribus
631 658 759 750 sigillis
774 676 831 730 res
851 664 1027 750 ageretur,
1047 665 1129 730 ante
1149 660 1270 730 omnia

208 800 449 877 quaereremus
473 780 562 872 quid
585 781 630 854 de
654 781 834 854 communi
858 781 1056 873 sigillorum
1081 801 1150 854 usu
1173 782 1270 873 apud

207 906 374 997 antiquos
402 905 507 978 nobis
535 904 704 978 traditum
735 912 830 980 esset
861 913 969 997 atque
998 906 1270 997 pervulgatum?

255 1031 413 1104 Primum
441 1031 548 1122 igitur
572 1050 594 1102 a
620 1031 854 1123 scriptoribus
881 1031 1082 1122 accepimus
1109 1030 1269 1122 figlinam

209 1161 319 1228 artem
339 1155 436 1248 apud
455 1156 594 1228 Graecos
614 1157 866 1246 Romanosque
885 1155 1033 1227 omnino
1052 1155 1163 1227 fuisse
1182 1155 1270 1228 libe-

102 1363 109 1375 ·
208 1298 281 1351 ram
302 1297 420 1370 neque
436 1281 476 1351 in
495 1298 568 1352 uno
589 1280 711 1353 labore
734 1287 769 1352 et
788 1280 938 1353 consilio
958 1281 1189 1373 implicatam.
1211 1281 1270 1352 ui·

208 1402 412 1477 versissima
432 1404 577 1494 quidem
597 1403 711 1475 forma
726 1412 811 1476 sunt
832 1404 969 1495 sigilla;
988 1404 1027 1475 in
1047 1404 1122 1475 foro
1142 1403 1271 1495 cuique

208 1529 338 1601 ementi
358 1528 573 1619 proposita·
587 1529 634 1600 ad
658 1530 774 1602 varios
795 1547 883 1601 usus
909 1537 1181 1620 comparantur,
1207 1546 1271 1602 seu

208 1655 288 1746 quis
309 1672 352 1726 ea
371 1652 440 1726 diis
460 1672 687 1735 consecrare,
711 1673 775 1727 seu
796 1654 834 1725 in
855 1651 961 1726 domo
984 1654 1177 1737 collocare,
1207 1672 1272 1727 seu

206 1778 327 1872 pueris
347 1785 409 1851 aut
427 1779 626 1870 virginibus
646 1777 850 1851 condonare
867 1779 965 1850 velit.
988 1777 1042 1850 Ab
1057 1777 1185 1850 iisdem
1206 1778 1270 1850 do·

207 1922 328 1975 cemur
341 1910 451 1975 artem
475 1900 634 1993 fingendi
654 1901 772 1993 sigilla
796 1921 839 1973 ex
861 1919 969 1984 auro,
990 1920 1081 1983 aere,
1114 1920 1193 1973 cera
1211 1909 1273 1973 aut

206 2046 315 2119 gypso
335 2025 528 2099 admodum
548 2025 770 2097 consimilem
790 2023 902 2096 fuisse
925 2033 960 2096 et
984 2026 1022 2096 ln
1046 2024 1155 2096 finem
1174 2042 1272 2097 eum·

206 2152 287 2224 dem
307 2152 495 2222 intentam.
527 2150 702 2222 Praeterea
722 2168 801 2220 cum
822 2149 1036 2239 scriptorum
1055 2150 1286 2247 testimoniis·

207 2278 353 2350 omnino
381 2274 610 2348 consentiunt
629 2281 888 2356 monumenta,
916 2293 997 2364 quae
1017 2274 1135 2365 sigilla
1155 2274 1192 2345 in
1212 2293 1270 2346 sa·

206 2401 328 2473 crariis
344 2407 378 2472 et
397 2399 550 2481 lareriis,
572 2398 611 2468 in
625 2416 818 2488 puerorum
834 2405 895 2469 aut
909 2398 1088 2489 virginum
1104 2397 1273 2469 manibus

203 2526 319 2618 posita
338 2523 546 2596 ostendunt.
569 2522 701 2594 Eadem
717 2516 861 2613 quoque
880 2522 1088 2594 confirmata
1103 2529 1137 2594 et
1152 2522 1273 2613 explo-

206 2647 554 2730 rataauimadvertit,
568 2647 690 2736 siquis
706 2647 744 2717 iu
754 2646 840 2717 locis
852 2646 1012 2737 antiquis
1026 2646 1273 2738 indagationes

205 2774 303 2856 facit,
327 2792 405 2845 curn
429 2772 546 2863 sigilla
565 2789 682 2861 neque
701 2779 776 2843 arte
796 2789 913 2861 neque
942 2772 1055 2843 forma
1082 2770 1274 2843 dissimilia
1355 2773 1357 2779 '

205 2897 410 2970 iudeorum
431 2890 610 2978 delubris,
633 2894 671 2965 in
691 2896 838 2987 privatis
859 2895 1016 2979 aedibus,
1040 2897 1079 2966 in
1106 2894 1195 2986 ipsis
1219 2913 1272 2966 se·

204 3023 337 3115 pulcris
362 3021 537 3113 reperiat;
568 3020 618 3091 ita
641 3027 680 3092 ut
711 3039 937 3092 communem
964 3019 1114 3092 dirersis
1144 3019 1271 3091 usibus

204 3147 401 3240 sigillorum
434 3145 604 3217 fabricam
640 3144 773 3216 sentiat
799 3152 834 3216 et
866 3144 1065 3235 prasertim
1092 3144 1268 3224 Deorum,

205 3273 389 3345 Penatium
410 3276 445 3341 et
464 3270 621 3342 Manium
642 3269 806 3360 religioni
826 3267 1139 3339 accommodatam.

252 3397 339 3468 lnde
358 3396 464 3468 nobis
483 3412 613 3486 negare
628 3394 749 3475 licuit,
767 3398 896 3463 natura
913 3391 1058 3480 quidem
1079 3395 1114 3460 et
1135 3389 1271 3480 origine

202 3523 248 3595 ad
271 3541 344 3594 rem
364 3521 550 3593 funebrem
564 3519 791 3610 peculiariter
805 3517 983 3607 pertinere
999 3515 1123 3606 figlina
1137 3514 1266 3606 sigilla.

204 3650 283 3733 Qua
309 3645 455 3738 quidem
481 3644 520 3715 in
547 3642 727 3716 sententia
761 3641 902 3732 longius
928 3659 1035 3730 quam
1067 3639 1166 3711 decet
1188 3657 1269 3730 pro·

203 3772 300 3864 gredi
320 3771 502 3842 noluimus
523 3776 631 3858 atque
649 3766 718 3858 ipsi
738 3765 933 3837 nonnullas
948 3764 1079 3856 figuras
1094 3764 1219 3836 babitu
1235 3770 1270 3835 et

202 3902 348 3989 aspectu
366 3892 534 3965 funebres
556 3891 811 3981 descripsimus
833 3913 842 3958 :
864 3907 915 3960 eae
934 3895 1052 3959 autem
1074 3893 1159 3958 sunt
1178 3906 1267 3977 quas

203 4019 369 4092 facillime
394 4016 608 4107 distinguas.
639 4015 718 4084 Pari
744 4012 849 4084 modo
872 4011 1095 4083 ostendimus
1116 4030 1196 4101 quae
1215 4011 1264 4082 si·

203 4144 287 4234 gilla
306 4144 376 4215 diis
395 4140 553 4213 colendis
573 4146 607 4210 et
628 4139 792 4210 sacrariis
808 4135 1021 4209 decorandis
1040 4136 1268 4225 singulariter

201 4268 413 4360 profuerint.
438 4268 489 4337 De
515 4264 639 4335 ceteris
659 4270 776 4334 autem
798 4261 1043 4351 disputantes,
1071 4278 1151 4349 quae
1169 4260 1266 4330 vario
