3246 5234
599 550 642 565 ,,,
665 518 763 580 59-

152 656 196 728 de
216 655 327 730 oereis
346 661 382 729 et
399 653 570 729 tiotilibus
589 653 712 747 figuris
736 652 809 749 (l);
830 655 911 728 ideo
924 654 1215 729 ¹Plotinus'nullo

152 778 259 853 modo
278 779 433 872 seiungit
458 797 518 852 eos
543 779 605 871 qui
623 779 798 852 dicuntur
816 779 1029 874 κημοπλάσται
1045 781 1101 853 rel
1123 786 1213 875 κορο-

151 905 289 974 πιάσται
317 902 382 999 (l).
412 904 509 978 ldem
530 923 637 988 usus,
663 903 786 978 eadem
817 911 892 978 erat
916 903 1075 998 fingendi
1102 904 1212 989 ratio;
1303 958 1304 961 ι

152 1046 233 1120 quae
253 1028 398 1119 quidem
419 1027 622 1101 diutissime
638 1028 766 1119 viguit,
791 1027 915 1111 itaut,
937 1035 1064 1121 quarto
1084 1026 1215 1102 saeoulo

151 1156 232 1242 post
252 1151 351 1235 Chr„
374 1152 567 1243 imperator
589 1150 862 1224 Valentinianus
882 1151 920 1223 in
938 1150 1117 1244 fingendis
1136 1168 1216 1226 eera

152 1292 215 1348 seu
235 1276 320 1348 limo
341 1277 542 1349 simulacris
562 1276 733 1349 excellere
754 1275 929 1348 diceretur
952 1273 1016 1370 (3).
1305 1264 1307 1269 ’

199 1399 365 1473 Nondum
385 1407 505 1473 tamen
524 1406 683 1472 nostram
703 1400 747 1472 de
772 1399 962 1490 cujuslibet
984 1398 1143 1473 materiae
1162 1399 1211 1471 si·

144 1523 246 1616 >gillis
267 1523 548 1615 disputationem
569 1524 801 1596 absolvimus.
825 1525 916 1595 Sunt
941 1523 1037 1596 enim
1061 1541 1214 1615 quorum

152 1650 299 1722 materia
317 1650 419 1721 nullo
439 1649 545 1722 modo
566 1648 799 1741 significetur.
823 1648 950 1721 Sintne
969 1647 1110 1731 elimo,
1132 1664 1215 1719 ane

117 1774 119 1779 ’
151 1790 229 1846 cera
243 1778 306 1845 aut
324 1792 448 1866 gypso,
466 1772 672 1866 ignoramus
685 1797 693 1844 ι
706 1771 823 1865 sigilla
837 1779 970 1857 tamen,
982 1770 1215 1863 nequenolris

151 1899 360 1982 omittenda,
372 1898 570 1990 praesertim
582 1916 661 1969 eum
678 1896 825 1970 deorum
837 1896 1060 1999 imaginesin
1075 1895 1215 1970 aedibus

150 2022 297 2114 privatis
314 2023 450 2114 positas
469 2029 577 2113 atque
592 2026 815 2094 oonseoratas
830 2025 1018 2094 testentur.
1041 2021 1105 2092 Hie
1119 2019 1215 2092 enim

150 2146 269 2219 herois
297 2147 482 2237 eujusdam
510 2145 646 2237 efligies
674 2145 885 2236 exprimitur
905 2145 985 2236 qui,
1007 2151 1107 2218 stans
1133 2152 1216 2218 ante

149 2276 284 2362 portas
302 2269 522 2342 domicilium
538 2271 689 2361 protegit
704 2277 739 2342 et
753 2276 871 2343 tuetur
890 2265 937 2363 (l)
953 2292 962 2352 ;
980 2269 1054 2340 illio
1066 2267 1215 2342 Veneris

150 2394 280 2484 imago,
299 2412 381 2483 quae
395 2394 513 2485 posita
527 2394 626 2465 intus
642 2392 802 2485 conjugis
818 2411 900 2484 erga
915 2392 1030 2463 virum
1046 2391 1214 2483 pietatem

151 2515 326 2609 signifieat
349 2514 413 2611 (t).
436 2519 538 2589 Nune
553 2517 679 2589 Baoolri
703 2513 768 2610 (6),
794 2518 891 2588 nuno
909 2517 1005 2588 lovis
1029 2511 1075 2610 (7)
1099 2516 1212 2588 simu·

149 2641 243 2714 laora
261 2641 299 2713 in
323 2642 459 2732 privato
488 2641 641 2714 saorario
664 2642 864 2718 'servantur
889 2640 1012 2713 Flebat
1031 2647 1071 2712 ut
1090 2640 1213 2713 eadem

149 2763 278 2857 sigilla,
303 2762 349 2837 ad
369 2765 541 2856 privatam
572 2764 780 2856 religionem
801 2765 1039 2856 pertinentia,
1060 2762 1214 2836 invasis

179 3029 212 3093 (l)
227 3025 292 3091 cie,
305 3029 340 3079 De
350 3037 407 3080 ιιοι.
418 3031 497 3090 deor„
513 3031 534 3092 I,
550 3029 589 3092 26,
604 3047 630 3095 p.
643 3030 683 3081 71.
698 3030 757 3082 Ηοο
772 3032 955 3097 intelligerem,
970 3033 1047 3095 quale
1060 3035 1138 3094 esset,
1151 3033 1174 3082 ri
1185 3031 1213 3082 id

147 3117 175 3164 in
190 3117 258 3167 ceris
272 3117 415 3181 fingeretur
429 3122 474 3167 aut
488 3119 614 3170 fictilibus
625 3120 728 3184 liguris.

180 3204 215 3268 (ἓ)
231 3203 310 3266 Prot,
330 3206 459 3267 Enneod„
475 3221 518 3268 111,
537 3207 565 3269 8,
582 3224 608 3272 p.
624 3207 670 3259 344
685 3229 690 3257 :
707 3210 771 3261 Οὐδὲ
785 3214 809 3261 oi
826 3211 1028 3276 κημοπλάσταιὴ
1046 3212 1215 3277 κομοπλάοται

189 3298 311 3363 χρώματα
324 3297 438 3348 δύνανται
452 3303 530 3349 ποιεῖν
546 3301 578 3363 μὴ
592 3300 725 3364 ἀλλαχόθεν
741 3301 883 3364 ίπάγοντες.

138 3394 142 3401 ’
178 3385 213 3449 (3)
226 3382 317 3436 Aurei.
332 3384 414 3447 Vici„
430 3387 499 3450 lipit.
519 3388 550 3436 de
570 3389 644 3448 Gara,
665 3388 711 3449 45,
731 3386 754 3438 7.
771 3386 884 3453 Pingere
898 3389 1102 3453 venustissime,
1118 3389 1213 3439 memi-

147 3475 229 3536 μίσεος
240 3488 309 3524 nova
322 3488 393 3525 arma
411 3476 542 3536 meditari,
557 3478 655 3540 fingere
668 3491 729 3528 cera
743 3490 790 3528 seu
804 3478 868 3528 limo
883 3478 1033 3529 simulacra.

178 3561 514 3626 (l)*.lntlromo.rolor.,1x‚
529 3563 595 3616 336:
613 3565 692 3633 Ἥρως
706 3567 834 3626 Αῐιτίωνος
852 3566 1016 3631 Ἐπίσταθμος
1033 3566 1215 3632 Ἀμφιπολίτου

147 3677 176 3688 -
190 3651 291 3718 ῐδριιμαι
307 3657 386 3718 μικρῷ
401 3653 485 3717 μικρὸς
499 3654 540 3704 ἐπὶ
555 3656 676 3721 προθύρῳ.

177 3739 210 3804 (5)
226 3739 423 3803 ltid.‚v'1,340:
441 3740 470 3792 ‘A
483 3744 576 3809 Κύπρις
588 3745 616 3794 οὒ
628 3745 755 3809 πάνδαμος
769 3763 774 3776 ·
792 3745 893 3798 liberoso
905 3747 950 3797 τὰν
966 3747 1031 3804 θεὸν.
1047 3745 1122 3799 ιῑπιλιν
1134 3747 1214 3798 -οὺ·

146 3830 248 3895 μανιάν,
265 3831 340 3895 ἁγνᾶς
360 3830 453 3894 ἄνθεμα
467 3833 624 3897 Χρυσογόνας
638 3858 667 3872 -
686 3833 746 3900 ολκῳ
761 3836 787 3886 ιν
805 3834 979 3900 Ἀμφικλέους,
994 3829 1068 3905 §ael
1082 3837 1158 3888 τέκνα
1171 3839 1214 3887 ael

147 3919 199 3986 βίον
213 3921 271 3987 lege
284 3948 313 3958 -
329 3922 427 3979 ξυνὸν...

178 4007 212 4073 (6)
226 4009 301 4072 loia,
315 4023 351 4073 ιι,
364 4010 410 4062 295
427 4030 433 4061 r
448 4011 476 4061 El
485 4012 536 4065 τιν’
546 4013 609 4079 ἔχεις
620 4014 741 4065 Διόνυσον
748 4016 785 4065 ἐνὶ
793 4015 920 4081 μεγάροισι
933 4016 1111 4072 παῖσα-τὸν
1124 4017 1212 4068 κισσὸν

145 4096 250 4163 ἀφελὼν,
265 4100 384 4164 θριδάκων
399 4086 495 4165 φύλλοις
510 4102 678 4167 στεφάνωσον.

177 4187 210 4251 (Y)
225 4188 338 4253 Sululos,
353 4190 445 4249 beroia.
460 4205 482 4241 ο.
497 4206 524 4244 ν.
541 4193 618 4252 :zelet
634 4194 747 4255 κτήσιος,
762 4195 789 4246 ὃν
803 4196 949 4254 aulierat<
965 4195 1084 4261 ταμιείοις
1099 4197 1211 4262 ἱδρύοντο

145 4280 177 4336 ὡς
187 4279 366 4342 elevatior-oo.
