3246 5234
619 557 659 572 -
679 525 713 589 71
737 558 778 574 .-

168 664 345 736 scribebat
360 663 497 735 Tullius
517 660 581 757 (l).
605 665 697 735 Sunt
711 662 871 735 Atlantes
887 662 1012 754 parieti
1029 663 1182 736 acclines
1197 670 1231 736 et

167 789 370 880 epistylium
392 787 506 878 capite
526 787 745 888 sustinentes
768 784 841 881 (b);
864 795 948 859 sunt
965 787 1027 858 alii
1048 788 1131 878 qui,
1154 788 1230 860 solo
1338 798 1340 801 ’

167 915 300 995 innixi,
324 914 482 986 tabulam
508 912 699 1003 quamdam
726 913 840 986 fronte
869 913 1016 985 fulciant
1039 909 1085 1006 (5)
1116 936 1123 984 :
1150 931 1230 1002 quae

166 1039 287 1110 omnia
302 1057 345 1110 ex
359 1036 483 1129 argilla
500 1037 656 1110 coniecta
671 1037 761 1107 miro
783 1036 888 1108 modo
905 1036 1108 1128 significant
1122 1056 1228 1127 quam

79 1201 82 1212 ·
166 1169 301 1254 partem
322 1181 380 1234 ars
401 1161 526 1253 figlina
544 1161 582 1232 in
602 1160 742 1234 aedibus
762 1162 980 1233 exornandis
1000 1161 1178 1233 hahuerit.

214 1287 284 1361 Sed
303 1289 380 1363 haec
399 1288 586 1360 hactenus.
613 1287 814 1372 Quaerimus
835 1287 930 1358 enim
959 1286 1002 1358 de
1030 1286 1229 1358 simulacris

164 1419 225 1486 aut
245 1413 372 1504 sigillis
394 1430 474 1503 quae
494 1430 600 1484 suurn
620 1412 658 1482 in
678 1430 717 1484 se
737 1410 846 1483 finem
866 1411 1013 1494 babent,
1035 1429 1152 1501 neque
1171 1430 1230 1482 su·

55 1512 57 1515 ⁵
164 1536 332 1628 pellectili
353 1554 470 1626 neque
490 1537 736 1609 architecturae
755 1536 932 1627 copulata.
954 1536 1134 1608 Nonnulla
1151 1535 1230 1626 qui·

164 1661 244 1733 dem
270 1661 481 1754 proceritate
501 1661 694 1752 conspicua
722 1660 991 1751 distinguimus.
1015 1660 1231 1752 Pompeiana

164 1791 397 1858 monumenta
421 1785 459 1855 in
479 1785 713 1877 Neapolitano
733 1786 854 1856 Museo
875 1784 1064 1856 invisentis
1085 1803 1228 1876 exspec-

164 1909 333 1982 tationem
349 1917 465 1983 movet
477 1927 537 1981 ore
551 1916 672 1999 aperto
687 1914 721 1981 et
736 1906 862 1980 habitu
878 1908 1044 2000 ambiguo
1058 1909 1229 1982 barbatus

163 2035 215 2106 vir
231 2033 375 2119 sedens,
397 2054 512 2127 nuper
526 2034 677 2107 effossus
691 2053 734 2106 er
750 2035 853 2105 horto
869 2035 1085 2126 Pompeiano
1106 2052 1227 2124 quern,

163 2167 202 2232 ut
215 2160 368 2242 videtur,
386 2159 537 2232 ornabat
553 2156 617 2251 (l).
636 2158 767 2231 Eodem
788 2159 908 2240 modo,
926 2160 965 2228 in
980 2158 1079 2230 aditu
1094 2156 1227 2230 hortuli

162 2285 345 2375 cujusdam
382 2284 524 2357 stabant
557 2285 775 2356 histrionum
805 2285 995 2355 simulacra
1021 2303 1102 2373 quae
1134 2284 1227 2355 inter

161 2411 384 2502 amplissima
398 2408 530 2501 figlinas
545 2410 632 2481 artis
650 2427 757 2500 opera
772 2415 955 2499 ponuntur
976 2403 1040 2501 (5).
1059 2406 1225 2497 lpotius

162 2541 195 2606 et
219 2535 348 2608 clarius
371 2534 557 2618 novimus,
585 2553 655 2624 quo
681 2534 786 2606 modo
812 2532 992 2606 hortulum
1018 2531 1225 2605 decorarent

162 2677 352 2748 puerorum
369 2658 547 2731 nudorum
565 2659 754 2750 imagines,
767 2666 903 2731 statura
920 2658 1032 2729 multo
1050 2658 1221 2738 minores,

161 2801 310 2874 quarum
333 2802 441 2855 unam
462 2783 534 2855 lere
560 2784 733 2874 integram
765 2780 810 2876 (6)
841 2790 876 2855 et
902 2783 1048 2854 alteram
1075 2782 1222 2852 omnino

161 2925 369 2980 concussam
390 2908 607 2980 servarimus
631 2932 638 2978 :
668 2906 932 2979 collocabantur
950 2907 1095 2997 quidem
1115 2907 1153 2976 in
1174 2907 1223 2976 lc-

159 3033 248 3106 culis
277 3032 469 3105 ordinatim
497 3030 695 3115 excavatis3
728 3031 902 3122 reliquam
930 3040 1047 3104 autem
1073 3032 1222 3122 parietis

157 3164 295 3248 >partem
331 3159 509 3231 distinctae
545 3158 652 3228 variis
688 3156 867 3228 coloribus
905 3157 1051 3245 picturae
1092 3155 1219 3225 vestie-

158 3283 246 3355 bant
269 3280 332 3376 (7).
355 3285 431 3354 larn
451 3282 614 3373 proximo
634 3283 778 3363 seculo,
802 3281 978 3351 inchoatis
995 3279 1220 3369 Pompeianis

159 3405 461 3498 indagationibus.
484 3405 752 3479 describebatur
771 3403 914 3485 domus,
937 3421 1017 3493 quae
1034 3401 1138 3473 tuliae
1158 3403 1219 3473 Fe-

191 3661 223 3725 (l)
240 3659 304 3719 Cic..
318 3659 358 3711 Act
372 3661 458 3720 Attia,
474 3660 498 3721 1,
518 3659 554 3720 to,
569 3660 592 3710 3.
608 3659 740 3710 Praeterea
754 3663 833 3723 typos
847 3657 895 3708 tibi
911 3656 1024 3718 ruaudo,
1039 3669 1104 3716 quos
1122 3655 1148 3703 in
1163 3658 1220 3704 tec-

157 3751 224 3802 torio
235 3750 323 3801 atrioli
334 3750 434 3814 possim
448 3750 584 3801 includere
597 3753 624 3800 et
636 3750 751 3813 putealia
765 3749 879 3813 sigillata
894 3747 957 3797 duo.

189 3838 220 3903 (2)
236 3834 355 3897 Rohdem
372 3855 397 3904 p.
414 3837 499 3901 18-19,
514 3840 550 3903 pl.
566 3837 606 3890 25.

140 3953 144 3959 ·
189 3928 221 3992 (3)
238 3928 285 3990 iol,
300 3943 327 3994 p.
344 3927 426 3990 18-19,
439 3930 474 3992 pl.
488 3926 529 3986 26,
542 3927 566 3978 2.

187 4017 221 4083 (l)
236 4019 285 4080 lut,
303 4033 328 4083 p.
343 4017 383 4079 tl,
398 4017 435 4082 pl.
451 4016 491 4070 δ’).

191 4109 223 4172 (5)
240 4108 287 4170 lm,
302 4122 328 4173 p.
341 4105 379 4166 ii,
396 4110 432 4170 pl.
447 4105 485 4156 35.
502 4103 542 4157 Ol.
555 4106 637 4157 Museo
650 4105 800 4165 Borhona'co,
812 4116 866 4164 xrv,
880 4104 915 4167 pl.
931 4101 970 4152 37.

190 4198 223 4261 (6)
235 4197 283 4255 iol..
300 4198 335 4263 pl.
352 4195 390 4247 tt.

189 4286 222 4351 (7)
243 4287 290 4348 ld,
306 4302 332 4350 p.
347 4284 387 4348 tl,
403 4284 442 4336 22.
459 4282 500 4336 Gi.
515 4284 637 4339 Giomclt
650 4285 679 4336 ἀι·
693 4283 808 4349 Pompei,
824 4280 892 4344 loll,
908 4297 934 4345 p.
950 4280 989 4331 ct.
