3270 5244
474 1380 477 1385 -
510 1329 652 1402 CAPUT
683 1329 935 1405 SECUNDUM.
999 1271 1004 1279 Ι

191 1657 272 1724 Quin
291 1657 472 1711 saussaius
491 1657 630 1725 ANTIQUI
651 1657 855 1712 SCRIPTORES
872 1659 916 1711 DE
935 1658 1070 1713 cassius
1091 1640 1254 1715 sldlclls?

240 1945 349 2018 Paulo
368 1941 583 2020 insolentius
603 1947 711 2020 fiebat
730 1955 770 2019 ut
789 1947 904 2019 solida
923 1955 957 2020 et
976 1952 1140 2022 tractanti
1165 1950 1254 2024 dura

189 2070 337 2143 materia
368 2078 527 2143 uteretur
556 2071 669 2143 fictor.
703 2073 808 2143 Plura
840 2073 947 2163 igitur
979 2073 1180 2164 accepimus
1209 2073 1254 2148 de

189 2193 322 2287 llglinis
338 2201 446 2286 atque
456 2196 578 2276 cereis,
594 2215 701 2286 quam
717 2196 762 2268 de
774 2196 905 2279 aureis,
919 2197 1087 2269 eburneis
1100 2199 1253 2272 aeneisre

189 2318 329 2410 sigillis.
353 2321 439 2405 Quae
458 2319 604 2410 quidem
624 2321 671 2391 ad
689 2339 795 2391 usum
816 2319 1095 2411 splendidiorem
1115 2328 1253 2395 servata

188 2461 292 2534 aequo
309 2443 388 2534 jure
408 2443 645 2527 existimabis
667 2445 864 2535 praesertim
884 2443 929 2513 ad
950 2443 1149 2515 decoranda
1167 2442 1251 2517 deo·

188 2550 266 2640 rum
287 2566 436 2640 delubra
455 2574 516 2639 aut
536 2569 764 2659 locupletium
782 2568 968 2639 hominum
989 2573 1092 2640 tecta.
1111 2567 1148 2639 Si
1168 2569 1250 2659 quis

187 2692 282 2764 enim
302 2692 425 2764 titulos
441 2691 622 2783 lapidibus
638 2692 828 2783 inscriptos
843 2692 1043 2782 perlegerit,
1061 2692 1099 2761 in
1117 2691 1249 2781 quihus

186 2816 437 2888 describuntur
446 2816 799 2889 etaestimanlurvota
813 2816 851 2886 in
861 2815 974 2887 Attico
986 2816 1152 2889 Minervae
1165 2822 1250 2888 tem·

185 2941 244 3033 plo
255 2940 383 3025 dicata,
395 2939 493 3012 haud
503 2941 613 3011 semel
622 2946 823 3031 computata
841 2941 970 3012 sentiet
979 2939 1096 3031 sigilla
1106 2959 1149 3013 ex
1161 2959 1248 3013 auro

186 3069 240 3141 vel
259 3070 418 3157 argente,
437 3082 518 3155 quae
532 3062 638 3134 verbo
659 3063 764 3136 solito
783 3066 870 3159 κόραι
886 3063 1053 3136 dicuntur
1072 3061 1118 3157 (l)
1137 3088 1145 3147 ;
1164 3071 1249 3136 sunt

186 3207 330 3282 quoque
348 3189 468 3269 larvae,
490 3186 663 3277 Gorgonis
679 3186 798 3269 iacies,
817 3187 1000 3270 animalia,
1019 3194 1127 3276 atque
1144 3185 1248 3257 ebur·

184 3333 252 3387 nea
279 3313 378 3385 Pacis
406 3311 632 3403 imaguncula
660 3308 724 3406 (l).
746 3313 787 3382 ln
817 3313 968 3383 Deliacis
994 3311 1108 3382 titulis
1133 3327 1248 3399 nuper

184 3439 324 3514 effossis
339 3438 494 3529 reperies
510 3455 653 3528 quoque
669 3436 786 3527 sigilla
800 3435 958 3526 Apollini
975 3435 1090 3507 dicata
1107 3458 1115 3506 ε
1134 3435 1246 3525 equi·

184 3564 252 3636 bus
275 3562 452 3635 nonnulla
479 3561 628 3633 formam
658 3559 790 3632 habere
816 3559 993 3651 Apollinis
1022 3560 1076 3632 vel
1105 3558 1245 3632 Amoris

214 3819 249 3882 (Ι)
260 3817 286 3868 G.
303 3819 322 3867 l.
337 3817 425 3874 Attia,
441 3815 593 3872 Kirchhoff‚
607 3831 633 3878 p.
651 3813 691 3864 69.
709 3814 870 3864 Traditiomr
886 3812 1070 3875 Hecatompcdl‚
1088 3827 1111 3872 a,
1128 3811 1142 3860 5
1157 3832 1162 3861 ι
1177 3814 1246 3878 Κόρη

182 3915 259 3975 χρυσῆ
275 3909 316 3960 ἐπὶ
329 3910 426 3968 στήλης,
442 3908 565 3971 ἄσταθμος
621 3907 682 3969 κόρη
697 3907 738 3956 ἐπὶ
752 3907 840 3964 στήλης
852 3905 1014 3971 κατάχρυσος.

215 3997 247 4060 (2)
265 3998 293 4048 C.
309 3996 328 4046 l.
344 3996 382 4057 (i,
398 3995 442 4048 150
458 3994 486 4055 B,
500 3997 518 4045 l.
530 3995 560 4044 tl
573 4015 578 4044 ι
593 3995 633 4046 Ἔν
649 3996 725 4062 ἑτέρῳ
738 3994 846 4059 seductor
860 3995 951 4058 Εἰρήνη
963 3994 1106 4057 ἐλεφαντίνη
1120 3993 1245 4060 κατάχρυ-

184 4105 233 4145 σος.
242 4087 317 4143 lbt'd.¹
330 4087 348 4137 l.
358 4085 372 4135 3
385 4105 390 4134 :
403 4086 501 4138 Βοῒδιον
511 4086 673 4150 ἐλέφάντινον.
688 4084 764 4143 locu,
774 4083 827 4144 151,
837 4084 853 4131 l.
865 4082 907 4133 432
918 4083 1037 4134 Ἀστοιτον
1047 4084 1138 4149 βοΐδιον
1146 4084 1245 4148 ἐλεφάν-

80 4187 90 4207 ⁸
183 4194 258 4228 τινον.
275 4178 301 4228 G.
318 4177 338 4225 l.
355 4175 440 4236 Attia,
457 4174 605 4234 dir-euholt,
622 4190 647 4237 p.
664 4172 693 4223 73
711 4193 716 4222 :
734 4175 872 4240 Πρόσωπον
892 4174 1031 4240 ὑπάργυρον
1044 4173 1201 4238 κατάχρυσον

182 4268 330 4334 γοργόντιον,
342 4267 427 4331 κάμπη
441 4265 563 4331 ἐπίχρυσα
617 4264 699 4324 ῑππος,
711 4264 784 4330 γρὺψ,
797 4263 889 4328 γρυπὸς
900 4263 1020 4327 προτομὴ,
1036 4263 1133 4320 λέοντος
1141 4262 1242 4327 κεφαλὴ,

183 4357 285 4423 δράκων.
