3270 5244
599 549 640 565 -
661 514 758 580 432.-

148 665 183 732 et
201 656 365 730 habitum
385 656 585 748 sigillorum
613 654 789 746 pertinet,
810 655 883 728 dne
902 672 983 728 esse
1007 653 1214 728 simulacre·

148 797 227 853 rnrn
253 798 384 871 genera
410 780 635 872 agnovimus.
667 780 825 866 Quorum
854 778 999 870 quidem
1020 778 1215 850 vetustiora
1321 760 1323 762 ’

147 903 220 985 iere
238 903 332 977 nihil
354 904 454 978 aliud
483 922 595 996 quam
619 902 768 978 deorum
792 903 1013 994 dearumque
1038 901 1213 992 imagines

147 1027 317 1103 relerunt.
340 1030 472 1116 Quarto
491 1035 610 1103 autern
630 1034 714 1101 ante
733 1028 817 1101 Chr.
842 1046 880 1099 n.
899 1027 1047 1100 ineunte
1065 1025 1210 1110 saecule,

147 1152 312 1244 quaedam
332 1152 373 1225 dt
392 1154 430 1225 in
454 1153 582 1245 sigillis
609 1153 759 1225 mutatio
786 1160 838 1239 et,
864 1151 1115 1226 deficientibus
1134 1150 1212 1243 ple·
1248 1224 1250 1229 ,

147 1295 298 1368 rumque
322 1277 521 1352 Numinum
544 1277 763 1364 simulacris,
785 1296 902 1369 usque
920 1277 966 1350 ad
984 1283 1124 1350 aetatem
1145 1276 1211 1348 lie·

146 1417 289 1475 menam
308 1401 475 1475 increscit
493 1421 624 1495 magna
644 1401 837 1475 multitude
855 1401 1062 1485 bominum,
1085 1398 1211 1474 mulie·

146 1543 242 1608 rum,
264 1534 476 1617 puerorum,
495 1529 575 1619 qui,
594 1527 721 1602 babitu
739 1535 774 1601 et
790 1532 936 1619 aspectu
954 1526 1208 1614 diversissimi,

145 1647 266 1724 emnia
287 1649 369 1723 vitae
395 1650 565 1727 humanae
588 1670 716 1743 opera,
740 1653 832 1735 otia,
855 1650 1113 1724 delectamenta
1129 1667 1211 1728 uera

145 1779 179 1847 et
197 1775 301 1864 quasi
316 1774 395 1849 viva
413 1777 530 1867 specie
549 1777 748 1868 exprimere
767 1776 946 1849 videntur.

193 1899 244 1973 De
262 1900 517 1985 uetustioribus
542 1901 670 1993 sigillis
693 1902 765 1975 iere
790 1901 891 1973 nulla
916 1900 957 1973 fit
983 1899 1208 1992 disceptatis.
1262 1952 1265 1958 ·

144 2022 453 2114 luter-pleresque
476 2032 616 2121 constet
644 2043 687 2100 ea
713 2024 947 2116 fuisseque,
970 2025 1015 2102 in,
1036 2022 1212 2115 sepulcris

144 2143 318 2235 deposita,
333 2143 509 2218 defunctis
520 2145 664 2218 tuendis
678 2155 712 2219 et
724 2145 951 2237 protegendis
966 2145 1207 2231 consulerem.

144 2269 194 2341 lle
221 2268 480 2342 recentioribus
513 2277 631 2344 autem
665 2289 795 2362 magna
826 2276 949 2342 exerta
979 2276 1034 2341 est
1064 2275 1206 2363 centre-

145 2394 269 2466 rersia.
297 2395 519 2480 Quibusdam
547 2381 680 2487 placuit
701 2397 765 2468 illa
788 2396 979 2468 simulacra
1000 2394 1038 2466 in
1060 2394 1208 2486 privatis

143 2515 282 2588 aedibus
310 2517 428 2588 locum
456 2517 627 2591 babuisse
650 2543 658 2590 :
681 2518 737 2591 cui
765 2517 910 2609 quidem
945 2518 1108 2610 opinioni
1133 2534 1206 2587 nen

142 2658 402 2733 repugnamus,
443 2643 550 2716 mede
584 2652 625 2717 ut
656 2644 840 2717 existimes
873 2644 996 2717 eadem
1028 2661 1101 2716 nnn
1128 2659 1208 2714 esse

142 2765 330 2837 omninca
357 2766 528 2859 religione
555 2766 774 2855 abalienata,
797 2785 863 2840 nec
886 2768 1002 2838 selum
1033 2765 1078 2838 ad
1103 2765 1206 2838 dcce-

142 2890 273 2963 randes
293 2892 447 2983 parietes
467 2892 749 2976 accommodata,
772 2893 836 2966 sed
856 2893 1034 2985 praecipue
1054 2893 1091 2964 in
1113 2893 1205 2964 lara·

35 3032 38 3037 ·
141 3014 204 3088 riis
224 3016 292 3089 sub
308 3017 494 3090 Penatium
511 3019 621 3091 tutela
636 3020 817 3092 collecata.
837 3019 905 3104 Qui
920 3018 1093 3092 litantem
1112 3019 1205 3090 utin

141 3140 314 3231 sepulcris
329 3123 433 3232 junt‘a
447 3141 641 3216 defunctos
653 3144 817 3234 depnsita
836 3140 1083 3234 reperiantur?
1102 3142 1206 3214 lland

141 3263 294 3338 libenter
315 3268 517 3358 accepimus
537 3267 708 3349 caluisse
728 3286 830 3357 quac,
852 3274 928 3339 arte
952 3267 1065 3339 libera
1084 3273 1119 3338 et
1138 3265 1205 3337 ele·

140 3390 299 3480 gantiere
322 3390 495 3474 conlecta,
522 3410 668 3464 sensum
697 3391 883 3463 funebrem
907 3410 927 3461 a
948 3389 1203 3463 vetustioribus

140 3512 308 3585 traditum
337 3523 519 3588 servarent
554 3523 589 3588 et
618 3534 710 3587 nova
741 3514 937 3607 festivaque
968 3513 1085 3606 specie
1112 3513 1204 3586 lnle-

140 3617 258 3708 rernm
289 3639 446 3711 Numina
470 3639 524 3711 vel
554 3638 740 3712 defunctos
767 3640 805 3710 in
833 3640 922 3711 Orce
946 3639 1149 3710 habitantes
1169 3645 1204 3710 et

140 3759 246 3832 variis
269 3760 349 3835 vitae
373 3763 511 3836 artibus
538 3763 767 3856 indulgentes
792 3765 1049 3856 exprimerent;
1072 3782 1138 3836 nec
1160 3763 1202 3835 li·

137 3882 304 3970 bentius,
335 3904 378 3958 ea
409 3888 553 3977 quaein
588 3888 697 3961 vicem
731 3890 969 3961 humanarum
1002 3887 1201 3961 bestiarum

139 4010 396 4093 successerint,
418 4012 587 4103 neglectis
607 4011 653 4084 ob
679 4031 818 4084 merum
843 4012 1027 4086 lenitatem
1048 4011 1201 4103 captive-

139 4148 217 4202 rum
244 4132 416 4206 caedibus.
443 4136 534 4207 Hinc
560 4137 656 4208 enim
683 4137 788 4209 nobis
810 4136 848 4208 in
873 4143 1028 4210 mentem
1049 4139 1201 4210 occurrit

138 4272 245 4344 quem
266 4256 440 4332 incertum
456 4259 521 4344 sit,
540 4260 727 4334 lunebrcm
743 4260 934 4353 quemdem
951 4267 985 4336 et
1003 4261 1049 4334 ab
1064 4262 1200 4354 origine
