3270 5244
648 577 807 639 -2p..

196 719 295 786 tenta
316 710 382 808 (l).
404 713 493 786 Illuc
512 713 659 788 domum
681 734 720 788 se
739 716 864 809 recipit
883 723 917 790 et
933 716 1123 791 munditiis
1141 728 1257 804 racat;

198 837 297 911 sedet
315 838 354 910 in
379 837 563 926 cathedra,
585 846 621 912 et
647 838 685 910 in
711 841 854 933 speculo
879 835 1004 913 faciem
1028 843 1175 935 inspicit
1197 851 1260 917 aut

197 961 363 1036 columba
382 962 576 1036 delectatur
603 960 668 1058 (l).
698 966 774 1052 Quo
800 965 947 1037 nomine
971 964 1158 1038 dicentur?
1181 968 1256 1053 Dii,

195 1106 241 1160 an
268 1086 460 1160 homines?
486 1089 586 1172 Deae,
616 1107 663 1160 an
689 1087 886 1162 mulieres?
912 1090 991 1162 Scio
1021 1090 1187 1181 equidem
1214 1091 1259 1165 de

195 1215 262 1286 hac
273 1231 312 1286 re
326 1212 602 1286 controversiam
616 1213 822 1285 etiamnunc
833 1213 928 1297 fieri;
948 1215 1021 1287 scio
1035 1215 1074 1286 in
1090 1224 1258 1307 promptu

195 1355 274 1412 esse
286 1336 435 1409 nomina
451 1336 583 1427 quibus
599 1336 777 1428 descripta
792 1336 895 1429 signa
908 1338 1146 1429 appellentur.
1165 1340 1258 1427 Quid

195 1459 322 1533 miles?
343 1461 465 1534 Martis
485 1467 540 1533 est
563 1460 693 1553 imago.
724 1460 818 1547 Quid
841 1479 930 1552 puer
953 1480 1032 1534 oum
1057 1461 1174 1554 gallo?
1191 1465 1258 1537 Ga·

193 1584 382 1678 nymedem
419 1584 659 1676 agnoscimus.
701 1584 795 1672 Quid
831 1583 961 1659 mulier
998 1585 1257 1660 munditiarum

195 1709 356 1782 studiosa
373 1716 436 1782 aut
451 1708 652 1781 columbam
668 1708 918 1800 permulcens?
937 1711 1066 1783 Omnia
1080 1713 1157 1785 haec
1172 1719 1258 1786 sunt

193 1833 340 1906 Veneris
360 1833 530 1925 insignia.

240 1957 318 2030 Non
338 1956 427 2029 milri
446 1957 486 2028 in
505 1957 627 2029 animo
647 1965 701 2030 est
720 1959 815 2030 hanc
832 1958 932 2031 litem
948 1977 1161 2053 componere
1176 1980 1257 2052 quae

193 2080 342 2154 eruditis
377 2082 618 2172 spectatisque
649 2080 736 2153 uiris
769 2080 978 2172 disputandi
1006 2089 1114 2173 atque
1143 2083 1257 2158 disse·

193 2204 295 2277 rendi
321 2204 507 2277 materiam
536 2204 647 2277 dedit.
677 2206 754 2278 llea
781 2203 927 2294 quidem
959 2208 1155 2291 sententia,
1186 2206 1253 2278 ali·
1289 2271 1292 2276 .

193 2330 281 2421 quid
309 2330 453 2420 utrique
484 2328 776 2403 dissentientium
809 2329 1001 2402 concedere
1034 2330 1138 2413 licet;
1170 2350 1254 2403 nam

192 2453 270 2527 deri
289 2453 425 2547 potuit,
444 2460 483 2526 ut
497 2453 704 2526 recentioris
721 2454 836 2526 aetatis
855 2453 1027 2538 artifices,
1046 2432 1272 2544 quanquam*

191 2578 237 2651 ad
255 2579 337 2651 ritae
356 2577 577 2669 quotidianae
601 2577 839 2651 imitationem
859 2577 973 2661 versi,
997 2579 1110 2651 multa
1132 2584 1253 2650 tamen

192 2705 229 2775 in
249 2701 452 2795 effingendo
468 2702 687 2793 sumpserint
706 2721 726 2775 e
743 2702 924 2794 prioribus
939 2702 1107 2793 operibus
1129 2727 1137 2773 :
1156 2702 1254 2793 quod

191 2826 341 2899 minime
359 2826 492 2897 mirum
511 2827 549 2897 in
570 2826 645 2899 arte
668 2825 715 2898 ad
738 2825 989 2898 commercium
1013 2832 1098 2898 nata
1121 2824 1185 2921 (5).
1215 2826 1253 2930 Si

191 2950 273 3041 quis
293 2950 409 3032 enim,
431 2957 579 3023 matrem
601 2931 680 3022 cum
701 2949 776 3021 tilia
795 2955 948 3022 stantem
969 2949 1162 3022 informare
1180 2967 1253 3021 me·

191 3073 344 3154 ditatus,
374 3080 498 3166 typum
528 3072 720 3179 quemdam
752 3073 981 3145 uetustiorem
1015 3071 1053 3143 in
1085 3079 1253 3164 promptu

191 3196 358 3280 hahebat,
371 3215 442 3288 quo
456 3198 561 3271 Ceres
578 3215 657 3268 cum
672 3197 886 3288 Proserpina
900 3195 1113 3288 tingebatur,
1131 3213 1252 3277 nonne

191 3320 315 3394 eodem
336 3320 388 3393 uti
405 3320 534 3412 potuit,
555 3319 662 3392 modo
683 3327 721 3391 ut
741 3319 949 3411 adjungeret
967 3338 1032 3392 seu
1050 3319 1248 3404 flabellum,

191 3462 254 3516 seu
269 3444 395 3536 capitis
410 3443 591 3535 quoddam
608 3449 869 3535 tegumentum,
887 3461 951 3516 seu
966 3443 1117 3515 hilarem
1132 3444 1251 3518 vultus

222 3724 254 3787 (l)
273 3721 430 3774 drieclr'sclre
450 3723 608 3772 Terracotterr
622 3735 670 3772 aas
686 3723 806 3786 Toocqro
819 3725 875 3774 aad
887 3723 997 3788 Ephesos
1015 3727 1052 3774 im
1068 3724 1185 3775 decliner
1198 3725 1252 3775 llo·

189 3825 268 3875 seam,
282 3813 319 3876 pl.
331 3811 374 3873 tl,
391 3811 435 3875 163
450 3811 569 3876 Heuzey,
583 3811 720 3875 Ficarioes
734 3813 769 3862 du
783 3814 864 3863 Haste
878 3813 914 3864 da
928 3813 1030 3873 locere,
1045 3815 1081 3878 pl.
1097 3813 1136 3875 23,
1156 3815 1165 3865 1
1181 3836 1187 3872 ;
1203 3814 1249 3875 ta,

188 3902 219 3960 lt
239 3901 287 3960 29,
310 3903 338 3960 ³2
361 3901 400 3953 30.
426 3902 564 3954 Collectiort
587 3903 712 3966 lottecar,
737 3902 770 3951 1⁶¹
790 3902 931 3964 fasciculo,
955 3905 991 3967 pl.
1013 3901 1049 3964 Μ,
1072 3900 1112 3973 Up
1130 3903 1248 3963 Kekoia,

190 3991 357 4057 Tdoafiparert
370 4005 417 4042 cus
430 3993 563 4055 Tectoque,
579 3992 615 4055 pl.
634 3990 654 4052 l.
667 3991 693 4043 8.
872 3983 874 3989 ’
1233 4008 1239 4020 ·

220 4079 253 4145 ll)
273 4079 431 4132 Grieclrc'sclrc
445 4081 603 4132 derrccollea
616 4080 653 4129 im
668 4078 733 4130 liert.
748 4081 822 4136 llos..
837 4079 872 4144 pl.
888 4080 911 4140 5,
929 4079 967 4132 15.
983 4078 1121 4133 collection
1133 4080 1250 4145 occupo,

188 4169 223 4232 Pl·
238 4168 271 4236 N.»
286 4167 320 4220 V·
383 4202 384 4207 ¹

221 4257 254 4321 (3)
272 4256 311 4310 De
329 4258 379 4310 hac
397 4271 426 4308 re
446 4258 555 4309 omnino
572 4257 754 4308 consentimus
768 4270 830 4308 cum
844 4255 961 4320 Kekoia,
976 4257 1134 4312 driecllsclre
1150 4258 1249 4322 ricop-

189 4360 269 4412 paren
282 4360 330 4397 aas
345 4349 474 4410 roacare,
490 4345 649 4415 Eloloitoop,
660 4343 694 4407 8.,
706 4343 743 4405 ll,
762 4345 798 4396 io.
813 4342 853 4396 Ol.
868 4347 983 4409 append.
1001 4344 1061 4410 (18).
