3246 5234
822 540 984 601 -70-
1093 504 1104 522 ’

371 678 568 767 Pompeiis,
594 677 656 748 ubi
677 677 821 748 stabant
847 676 885 747 in
912 677 1104 766 AEseulapii
1125 678 1259 768 templo
1280 680 1434 768 prooeri·

312 855 315 860 .
369 808 440 874 tate
470 800 629 892 insignes
657 798 714 872 dei
744 801 893 892 deaeque
920 801 1056 893 efligies
1083 808 1191 892 atine
1216 802 1354 894 ingens
1371 805 1436 878 Mi·

369 945 486 1026 nervae
501 934 607 1018 eaput
628 922 694 1019 (l),
712 928 750 997 in
768 925 874 998 isidis
890 920 973 998 lano
988 924 1159 1018 Sphingis
1174 927 1291 1019 imago
1308 927 1439 1002 eximia

368 1058 442 1123 arte
458 1050 611 1141 perlecta
632 1046 697 1143 (l).
712 1056 747 1121 et
761 1058 844 1122 ante
861 1051 1000 1122 Portam
1017 1051 1204 1135 Maribam,
1220 1054 1324 1142 quasi
1337 1053 1437 1127 urbis

369 1175 502 1256 tutela,
530 1192 659 1264 magna
685 1173 851 1246 Minervas
875 1180 1009 1253 statua,
1036 1175 1120 1246 olim
1140 1176 1178 1246 in
1198 1175 1276 1246 basi
1301 1177 1434 1267 posita,

367 1317 465 1371 nune
483 1307 586 1371 terrae
606 1303 706 1368 motu
729 1303 836 1387 atque
855 1296 1021 1371 incendio
1042 1315 1214 1371 eoneussa
1233 1307 1268 1371 et
1287 1303 1434 1375 commi-

368 1429 456 1496 nuta
479 1420 544 1516 (5).
599 1430 601 1433 ’

417 1549 456 1618 ln
478 1546 600 1620 eadem
624 1547 764 1617 civitate
781 1546 970 1637 perspicua
990 1554 1024 1618 et
1043 1548 1199 1637 insignia
1212 1549 1439 1641 reperiuntur

368 1668 584 1744 documenta
597 1669 648 1742 tle
668 1670 803 1762 liglinis
826 1671 957 1762 signis,
988 1689 1070 1761 quae
1089 1672 1243 1762 privatas
1264 1672 1360 1744 aedes
1379 1693 1436 1745 or·

368 1796 515 1868 nabant.
539 1797 589 1867 [ie
608 1795 832 1866 ornamentis
852 1795 986 1885 ectypis
1005 1794 1056 1865 nil
1076 1795 1221 1886 loquor,
1242 1796 1376 1869 seilicet
1393 1797 1437 1870 de

367 1920 487 2001 larvis,
510 1919 654 1990 nominis
675 1917 868 2009 capitibus,
891 1917 1125 2001 animalibus
1148 1919 1311 2002 floribus,
1334 1918 1439 1994 cauli·

367 2045 474 2127 onlis,
498 2043 630 2134 quibus
653 2049 826 2117 tentorum
847 2033 989 2133 lastigie
1007 2051 1069 2115 aut
1087 2045 1271 2132 laquearia
1290 2041 1435 2116 deeora·

365 2172 496 2243 bantur
520 2166 584 2262 (l).
606 2168 663 2240 Nil
683 2167 782 2240 aliud
811 2168 953 2239 intueor
974 2187 1081 2257 quarn
1107 2168 1232 2260 liglina
1251 2188 1375 2259 opera,
1398 2169 1435 2241 in

365 2294 598 2367 interioribus
611 2292 742 2366 aedium
757 2292 920 2383 partibus
930 2291 1105 2390 deposita.
1120 2294 1277 2378 Quorum
1289 2292 1433 2382 quidem

365 2403 436 2494 duo
457 2426 541 2493 sunt
560 2437 702 2511 genera.
724 2416 870 2489 Tabulis
888 2416 1106 2508 quibusdam
1125 2417 1259 2509 figlinis
1280 2418 1436 2509 parietes

364 2546 628 2628 vestiebantur,
655 2532 693 2614 in
717 2543 850 2633 quibus
877 2542 1040 2615 diversas
1059 2542 1179 2616 videre
1201 2551 1256 2616 est
1279 2543 1434 2635 figurasv

364 2688 428 2743 seu
448 2669 596 2741 Amores
616 2668 729 2740 alatos
749 2674 784 2739 et
807 2663 1059 2759 properantes,
1082 2685 1146 2740 seu
1164 2668 1297 2741 milites
1318 2669 1434 2743 nitatis

364 2794 467 2886 equis
497 2798 655 2875 avectos,
688 2811 753 2865 seu
785 2791 955 2866 Nereidas
981 2791 1300 2885 bippoeamporum
1326 2795 1433 2868 (lonso

350 2916 564 3015 'insidentes
584 2923 691 3007 atque
711 2916 870 2987 Achillea
886 2935 985 2989 arma
1000 2924 1180 3008 gestantes
1199 2915 1246 3012 (5)
1269 2943 1277 2989 :
1297 2910 1336 2990 in
1357 2919 1435 3010 qui·

363 3041 431 3118 bus
458 3040 504 3111 ad
529 3040 701 3130 parietem
729 3038 917 3130 aisrgenrlis
945 3048 1068 3131 patent
1092 3043 1301 3139 etiamnunc
1324 3043 1433 3115 clavis

363 3163 564 3238 inserendis
587 3164 774 3236 foramina.
799 3164 969 3250 Quaedam
993 3166 1206 3238 emblemata
1224 3174 1286 3239 aut
1305 3166 1429 3258 figurae

360 3287 565 3377 putealibus
594 3286 711 3360 ailixae
742 3283 788 3382 (6)
820 3288 925 3359 nobis
954 3286 991 3357 in
1025 3290 1233 3361 memoriam
1264 3299 1434 3364 revocant

368 3438 382 3475 a
409 3411 566 3502 putealia
591 3411 787 3502 sigillata»
823 3431 904 3502 qua
930 3431 968 3519 se
995 3412 1041 3485 ad
1056 3413 1216 3488 littioum
1238 3416 1433 3491 mandasse

394 3771 426 3834 (l)
446 3769 481 3828 Η.
499 3783 552 3822 von
566 3769 693 3832 Rohden,
709 3774 931 3828 Terreeottmaoa
944 3775 1076 3840 Pompeii,
1091 3793 1116 3841 p.
1133 3777 1173 3837 18,
1189 3775 1234 3839 20,
1247 3778 1282 3842 pl.
1297 3776 1336 3828 29.

392 3858 425 3923 (2)
443 3859 492 3920 lat,
509 3876 534 3926 p.
550 3859 590 3919 lt,
605 3863 641 3925 pl.
657 3861 697 3913 33.
1371 3884 1373 3889 ·

393 3949 425 4012 (3)
442 3949 492 4010 lo..
505 3964 531 4013 p.
545 3950 585 4010 l8,
601 3951 642 4014 20,
660 3952 700 4013 ll,
716 3954 752 4018 pl.
768 3953 807 4006 ³1.

391 4037 424 4102 (l)
440 4038 487 4099 lat,
506 4055 533 4104 p.
549 4038 670 4106 l-18,pl.
690 4042 757 4095 l··l8.

392 4130 423 4192 (5)
439 4129 488 4192 lut,
504 4145 530 4194 p.
554 4130 639 4194 16-17,
660 4134 697 4196 pl.
716 4132 799 4186 20-24.
818 4133 858 4186 Ol.
880 4133 1015 4198 Fraenlrel‚
1036 4136 1190 4200 Arataotoa.
1210 4137 1336 4201 Zeituag,
1356 4135 1431 4200 1879,

357 4220 394 4283 pl.
416 4218 452 4270 ll.

391 4307 423 4370 (6)
444 4308 491 4370 m,
507 4325 531 4374 p.
548 4308 588 4370 lo,
601 4313 638 4375 pl.
655 4310 696 4362 at.
