<?xml version="1.0" encoding="UTF-8"?>
<!DOCTYPE html PUBLIC "-//W3C//DTD XHTML 1.0 Transitional//EN"
    "http://www.w3.org/TR/xhtml1/DTD/xhtml1-transitional.dtd">
<html xmlns="http://www.w3.org/1999/xhtml" xml:lang="en" lang="en">
 <head>
  <title>
</title>
<meta http-equiv="Content-Type" content="text/html;charset=utf-8" />
  <meta name='ocr-system' content='tesseract 3.04.00' />
  <meta name='ocr-capabilities' content='ocr_page ocr_carea ocr_par ocr_line ocrx_word'/>
</head>
<body>
  <div class='ocr_page' id='page_1' title='image "./quamobcausamgra00pottgoog_0021.png"; bbox 0 0 3270 5244; ppageno 0'>
   <div class='ocr_carea' id='block_1_1' title="bbox 819 501 981 562">
    <p class='ocr_par' dir='ltr' id='par_1_1' title="bbox 819 501 981 562">
     <span class='ocr_line' id='line_1_1' title="bbox 819 501 981 562; baseline 0.006 -17"><span class='ocrx_word' id='word_1_1' title='bbox 819 501 981 562; x_wconf 82' lang='lat'>..10-</span> 
     </span>
    </p>
   </div>
   <div class='ocr_carea' id='block_1_2' title="bbox 269 636 1540 3964">
    <p class='ocr_par' dir='ltr' id='par_1_2' title="bbox 368 636 1434 1584">
     <span class='ocr_line' id='line_1_2' title="bbox 370 636 1434 728; baseline 0.003 -21"><span class='ocrx_word' id='word_1_2' title='bbox 370 636 479 709; x_wconf 85' lang='lat' dir='ltr'>nibus</span> <span class='ocrx_word' id='word_1_3' title='bbox 510 644 751 719; x_wconf 87' lang='lat' dir='ltr'>consecratas,</span> <span class='ocrx_word' id='word_1_4' title='bbox 777 655 874 709; x_wconf 88' lang='lat' dir='ltr'>nuno</span> <span class='ocrx_word' id='word_1_5' title='bbox 903 637 1025 728; x_wconf 90' lang='lat' dir='ltr'>pueris</span> <span class='ocrx_word' id='word_1_6' title='bbox 1050 643 1085 709; x_wconf 93' lang='lat' dir='ltr'>et</span> <span class='ocrx_word' id='word_1_7' title='bbox 1110 637 1323 710; x_wconf 86' lang='lat' dir='ltr'>mulieribus</span> <span class='ocrx_word' id='word_1_8' title='bbox 1342 638 1434 710; x_wconf 88' lang='lat' dir='ltr'>sicut</span> 
     </span>
     <span class='ocr_line' id='line_1_3' title="bbox 370 761 1433 854; baseline 0 -22"><span class='ocrx_word' id='word_1_9' title='bbox 370 761 584 834; x_wconf 90' lang='lat' dir='ltr'>munuscula</span> <span class='ocrx_word' id='word_1_10' title='bbox 622 762 737 835; x_wconf 82' lang='lat' dir='ltr'>datas.</span> <span class='ocrx_word' id='word_1_11' title='bbox 763 763 890 835; x_wconf 80' lang='lat' dir='ltr'><strong>Nonne</strong></span> <span class='ocrx_word' id='word_1_12' title='bbox 922 762 1029 854; x_wconf 81' lang='lat' dir='ltr'>igitur</span> <span class='ocrx_word' id='word_1_13' title='bbox 1057 780 1201 853; x_wconf 79' lang='lat' dir='ltr'>aequum</span> <span class='ocrx_word' id='word_1_14' title='bbox 1230 769 1285 833; x_wconf 85' lang='lat' dir='ltr'>est</span> <span class='ocrx_word' id='word_1_15' title='bbox 1311 761 1433 833; x_wconf 94' lang='lat' dir='ltr'>omnia</span> 
     </span>
     <span class='ocr_line' id='line_1_4' title="bbox 370 885 1430 978; baseline 0.001 -21"><span class='ocrx_word' id='word_1_16' title='bbox 370 885 526 977; x_wconf 92' lang='lat' dir='ltr'>primum</span> <span class='ocrx_word' id='word_1_17' title='bbox 546 886 609 958; x_wconf 92' lang='lat' dir='ltr'>illa</span> <span class='ocrx_word' id='word_1_18' title='bbox 624 887 700 958; x_wconf 88' lang='lat' dir='ltr'>loca</span> <span class='ocrx_word' id='word_1_19' title='bbox 719 894 754 959; x_wconf 92' lang='lat' dir='ltr'>et</span> <span class='ocrx_word' id='word_1_20' title='bbox 771 894 1006 959; x_wconf 89' lang='lat' dir='ltr'>monumenta</span> <span class='ocrx_word' id='word_1_21' title='bbox 1023 893 1185 960; x_wconf 89' lang='lat' dir='ltr'>accurate</span> <span class='ocrx_word' id='word_1_22' title='bbox 1198 893 1430 978; x_wconf 89' lang='lat' dir='ltr'>pertractare,</span> 
     </span>
     <span class='ocr_line' id='line_1_5' title="bbox 370 1011 1432 1104; baseline 0.003 -21"><span class='ocrx_word' id='word_1_23' title='bbox 370 1030 441 1102; x_wconf 89' lang='lat' dir='ltr'>quo</span> <span class='ocrx_word' id='word_1_24' title='bbox 458 1011 665 1103; x_wconf 78' lang='lat' dir='ltr'>diligentius</span> <span class='ocrx_word' id='word_1_25' title='bbox 684 1011 919 1104; x_wconf 82' lang='lat' dir='ltr'>inspiciamus</span> <span class='ocrx_word' id='word_1_26' title='bbox 940 1013 971 1084; x_wconf 93' lang='lat' dir='ltr'>si</span> <span class='ocrx_word' id='word_1_27' title='bbox 991 1012 1079 1102; x_wconf 92' lang='lat' dir='ltr'>quid</span> <span class='ocrx_word' id='word_1_28' title='bbox 1096 1013 1134 1082; x_wconf 93' lang='lat' dir='ltr'>in</span> <span class='ocrx_word' id='word_1_29' title='bbox 1155 1012 1263 1085; x_wconf 86' lang='lat' dir='ltr'>rebus</span> <span class='ocrx_word' id='word_1_30' title='bbox 1282 1011 1432 1102; x_wconf 81' lang='lat' dir='ltr'>cognitis</span> 
     </span>
     <span class='ocr_line' id='line_1_6' title="bbox 368 1135 1432 1229; baseline 0.001 -22"><span class='ocrx_word' id='word_1_31' title='bbox 368 1142 492 1227; x_wconf 92' lang='lat' dir='ltr'>aptum</span> <span class='ocrx_word' id='word_1_32' title='bbox 510 1136 673 1208; x_wconf 86' lang='lat' dir='ltr'>videatur</span> <span class='ocrx_word' id='word_1_33' title='bbox 692 1136 738 1209; x_wconf 89' lang='lat' dir='ltr'>ad</span> <span class='ocrx_word' id='word_1_34' title='bbox 759 1136 1011 1229; x_wconf 83' lang='lat' dir='ltr'>explicandum</span> <span class='ocrx_word' id='word_1_35' title='bbox 1031 1136 1217 1210; x_wconf 79' lang='lat' dir='ltr'><strong>funebrem</strong></span> <span class='ocrx_word' id='word_1_36' title='bbox 1232 1135 1432 1228; x_wconf 81' lang='lat' dir='ltr'>sigillorum</span> 
     </span>
     <span class='ocr_line' id='line_1_7' title="bbox 369 1259 1433 1355; baseline 0.003 -23"><span class='ocrx_word' id='word_1_37' title='bbox 369 1259 497 1333; x_wconf 83' lang='lat' dir='ltr'>usum‘l</span> <span class='ocrx_word' id='word_1_38' title='bbox 517 1262 619 1348; x_wconf 85' lang='lat' dir='ltr'>Quod</span> <span class='ocrx_word' id='word_1_39' title='bbox 639 1262 784 1353; x_wconf 88' lang='lat' dir='ltr'>quidem</span> <span class='ocrx_word' id='word_1_40' title='bbox 804 1264 842 1334; x_wconf 94' lang='lat' dir='ltr'>in</span> <span class='ocrx_word' id='word_1_41' title='bbox 862 1282 943 1335; x_wconf 93' lang='lat' dir='ltr'>eum</span> <span class='ocrx_word' id='word_1_42' title='bbox 962 1264 1093 1346; x_wconf 90' lang='lat' dir='ltr'>locum,</span> <span class='ocrx_word' id='word_1_43' title='bbox 1116 1283 1187 1355; x_wconf 89' lang='lat' dir='ltr'>quo</span> <span class='ocrx_word' id='word_1_44' title='bbox 1205 1269 1366 1335; x_wconf 88' lang='lat' dir='ltr'>nostram</span> <span class='ocrx_word' id='word_1_45' title='bbox 1387 1261 1433 1335; x_wconf 89' lang='lat' dir='ltr'>de</span> 
     </span>
     <span class='ocr_line' id='line_1_8' title="bbox 368 1384 1430 1471; baseline 0.004 -15"><span class='ocrx_word' id='word_1_46' title='bbox 368 1384 436 1457; x_wconf 90' lang='lat' dir='ltr'>hac</span> <span class='ocrx_word' id='word_1_47' title='bbox 461 1404 500 1458; x_wconf 91' lang='lat' dir='ltr'>re</span> <span class='ocrx_word' id='word_1_48' title='bbox 525 1388 739 1460; x_wconf 88' lang='lat' dir='ltr'>sententiam</span> <span class='ocrx_word' id='word_1_49' title='bbox 771 1387 964 1460; x_wconf 83' lang='lat' dir='ltr'>ordinatim</span> <span class='ocrx_word' id='word_1_50' title='bbox 993 1387 1121 1462; x_wconf 89' lang='lat' dir='ltr'>dicturi</span> <span class='ocrx_word' id='word_1_51' title='bbox 1155 1406 1301 1471; x_wconf 92' lang='lat' dir='ltr'>sumus,</span> <span class='ocrx_word' id='word_1_52' title='bbox 1327 1386 1430 1460; x_wconf 83' lang='lat' dir='ltr'>dilie-</span> 
     </span>
     <span class='ocr_line' id='line_1_9' title="bbox 368 1528 502 1584; baseline 0.022 -3"><span class='ocrx_word' id='word_1_53' title='bbox 368 1528 502 1584; x_wconf 88' lang='lat' dir='ltr'>remus.</span> 
     </span>
    </p>

    <p class='ocr_par' dir='ltr' id='par_1_3' title="bbox 269 1638 1540 3964">
     <span class='ocr_line' id='line_1_10' title="bbox 417 1638 1431 1731; baseline -0.002 -21"><span class='ocrx_word' id='word_1_54' title='bbox 417 1638 487 1710; x_wconf 91' lang='lat' dir='ltr'>Nec</span> <span class='ocrx_word' id='word_1_55' title='bbox 519 1638 635 1711; x_wconf 91' lang='lat' dir='ltr'>solum</span> <span class='ocrx_word' id='word_1_56' title='bbox 665 1638 772 1710; x_wconf 88' lang='lat' dir='ltr'>iidem</span> <span class='ocrx_word' id='word_1_57' title='bbox 806 1640 1018 1731; x_wconf 89' lang='lat' dir='ltr'>scriptorum</span> <span class='ocrx_word' id='word_1_58' title='bbox 1052 1645 1086 1711; x_wconf 92' lang='lat' dir='ltr'>et</span> <span class='ocrx_word' id='word_1_59' title='bbox 1115 1643 1431 1711; x_wconf 78' lang='lat' dir='ltr'>monumentorum</span> 
     </span>
     <span class='ocr_line' id='line_1_11' title="bbox 369 1764 1429 1856; baseline -0.001 -22"><span class='ocrx_word' id='word_1_60' title='bbox 369 1764 616 1854; x_wconf 82' lang='lat' dir='ltr'>imprudenter</span> <span class='ocrx_word' id='word_1_61' title='bbox 631 1766 910 1856; x_wconf 72' lang='lat' dir='ltr'>praetermissam</span> <span class='ocrx_word' id='word_1_62' title='bbox 931 1764 1249 1856; x_wconf 84' lang='lat' dir='ltr'>reprehendemus</span> <span class='ocrx_word' id='word_1_63' title='bbox 1272 1764 1429 1834; x_wconf 78' lang='grc'><strong>111111-</strong></span> 
     </span>
     <span class='ocr_line' id='line_1_12' title="bbox 369 1886 1432 1980; baseline -0.002 -21"><span class='ocrx_word' id='word_1_64' title='bbox 369 1905 494 1979; x_wconf 82' lang='lat' dir='ltr'>gamus</span> <span class='ocrx_word' id='word_1_65' title='bbox 516 1888 590 1960; x_wconf 86' lang='lat' dir='ltr'>lore</span> <span class='ocrx_word' id='word_1_66' title='bbox 608 1895 649 1960; x_wconf 87' lang='lat' dir='ltr'>ut</span> <span class='ocrx_word' id='word_1_67' title='bbox 673 1888 866 1979; x_wconf 84' lang='lat' dir='ltr'>quisquam</span> <span class='ocrx_word' id='word_1_68' title='bbox 890 1889 975 1960; x_wconf 88' lang='lat' dir='ltr'>huic</span> <span class='ocrx_word' id='word_1_69' title='bbox 1000 1887 1285 1980; x_wconf 81' lang='lat' dir='ltr'>interpretationi</span> <span class='ocrx_word' id='word_1_70' title='bbox 1312 1886 1432 1959; x_wconf 94' lang='lat' dir='ltr'>indul-</span> 
     </span>
     <span class='ocr_line' id='line_1_13' title="bbox 369 2009 1433 2104; baseline -0.005 -18"><span class='ocrx_word' id='word_1_71' title='bbox 369 2019 466 2104; x_wconf 78' lang='lat' dir='ltr'>geat,</span> <span class='ocrx_word' id='word_1_72' title='bbox 489 2009 650 2084; x_wconf 90' lang='lat' dir='ltr'>simodo</span> <span class='ocrx_word' id='word_1_73' title='bbox 675 2013 764 2104; x_wconf 89' lang='lat' dir='ltr'>quid</span> <span class='ocrx_word' id='word_1_74' title='bbox 782 2013 958 2086; x_wconf 88' lang='lat' dir='ltr'>audiverit</span> <span class='ocrx_word' id='word_1_75' title='bbox 979 2013 1024 2085; x_wconf 90' lang='lat' dir='ltr'>de</span> <span class='ocrx_word' id='word_1_76' title='bbox 1048 2013 1222 2103; x_wconf 81' lang='lat' dir='ltr'>sepulcris</span> <span class='ocrx_word' id='word_1_77' title='bbox 1240 2011 1278 2083; x_wconf 92' lang='lat' dir='ltr'>in</span> <span class='ocrx_word' id='word_1_78' title='bbox 1299 2011 1433 2083; x_wconf 77' lang='lat' dir='ltr'>Graecia</span> 
     </span>
     <span class='ocr_line' id='line_1_14' title="bbox 368 2136 1432 2231; baseline -0.002 -21"><span class='ocrx_word' id='word_1_79' title='bbox 368 2144 430 2210; x_wconf 84' lang='lat' dir='ltr'>aut</span> <span class='ocrx_word' id='word_1_80' title='bbox 449 2139 486 2209; x_wconf 95' lang='lat' dir='ltr'>in</span> <span class='ocrx_word' id='word_1_81' title='bbox 498 2138 583 2210; x_wconf 84' lang='lat' dir='ltr'>Asia</span> <span class='ocrx_word' id='word_1_82' title='bbox 601 2156 718 2231; x_wconf 90' lang='lat' dir='ltr'>nuper</span> <span class='ocrx_word' id='word_1_83' title='bbox 734 2138 888 2211; x_wconf 82' lang='lat' dir='ltr'>effossis.</span> <span class='ocrx_word' id='word_1_84' title='bbox 901 2140 1114 2228; x_wconf 85' lang='lat' dir='ltr'>Quanquam</span> <span class='ocrx_word' id='word_1_85' title='bbox 1134 2136 1204 2210; x_wconf 86' lang='lat' dir='ltr'>sibi</span> <span class='ocrx_word' id='word_1_86' title='bbox 1223 2139 1338 2228; x_wconf 87' lang='lat' dir='ltr'>placet</span> <span class='ocrx_word' id='word_1_87' title='bbox 1350 2154 1432 2208; x_wconf 92' lang='lat' dir='ltr'>auc-</span> 
     </span>
     <span class='ocr_line' id='line_1_15' title="bbox 366 2263 1431 2355; baseline -0.002 -20"><span class='ocrx_word' id='word_1_88' title='bbox 366 2269 434 2345; x_wconf 90' lang='lat' dir='ltr'>tor,</span> <span class='ocrx_word' id='word_1_89' title='bbox 457 2263 555 2354; x_wconf 87' lang='lat' dir='ltr'>quod</span> <span class='ocrx_word' id='word_1_90' title='bbox 573 2263 824 2337; x_wconf 87' lang='lat' dir='ltr'>animadvertit</span> <span class='ocrx_word' id='word_1_91' title='bbox 842 2265 998 2355; x_wconf 90' lang='lat' dir='ltr'>plurima</span> <span class='ocrx_word' id='word_1_92' title='bbox 1026 2265 1189 2355; x_wconf 90' lang='lat' dir='ltr'>sepulcra</span> <span class='ocrx_word' id='word_1_93' title='bbox 1207 2279 1353 2344; x_wconf 80' lang='lat' dir='ltr'>vacare,</span> <span class='ocrx_word' id='word_1_94' title='bbox 1379 2267 1431 2333; x_wconf 91' lang='lat' dir='ltr'>at-</span> 
     </span>
     <span class='ocr_line' id='line_1_16' title="bbox 369 2386 1430 2480; baseline -0.002 -20"><span class='ocrx_word' id='word_1_95' title='bbox 369 2386 539 2478; x_wconf 84' lang='lat' dir='ltr'>quoinde</span> <span class='ocrx_word' id='word_1_96' title='bbox 557 2386 723 2472; x_wconf 88' lang='lat' dir='ltr'>affirmat,</span> <span class='ocrx_word' id='word_1_97' title='bbox 737 2389 900 2480; x_wconf 91' lang='lat' dir='ltr'>sepulcra</span> <span class='ocrx_word' id='word_1_98' title='bbox 913 2388 1047 2480; x_wconf 83' lang='lat' dir='ltr'>figlinis</span> <span class='ocrx_word' id='word_1_99' title='bbox 1062 2388 1190 2479; x_wconf 81' lang='lat' dir='ltr'>sigillis</span> <span class='ocrx_word' id='word_1_100' title='bbox 1204 2387 1331 2460; x_wconf 84' lang='lat' dir='ltr'>referta</span> <span class='ocrx_word' id='word_1_101' title='bbox 1345 2404 1430 2477; x_wconf 92' lang='lat' dir='ltr'>pro·</span> 
     </span>
     <span class='ocr_line' id='line_1_17' title="bbox 368 2508 1433 2605; baseline 0.001 -25"><span class='ocrx_word' id='word_1_102' title='bbox 368 2511 445 2600; x_wconf 91' lang='lat' dir='ltr'>prie</span> <span class='ocrx_word' id='word_1_103' title='bbox 464 2517 660 2602; x_wconf 87' lang='lat' dir='ltr'>mystarum</span> <span class='ocrx_word' id='word_1_104' title='bbox 680 2530 760 2584; x_wconf 89' lang='lat' dir='ltr'>esse</span> <span class='ocrx_word' id='word_1_105' title='bbox 785 2508 850 2605; x_wconf 90' lang='lat' dir='ltr'>(l),</span> <span class='ocrx_word' id='word_1_106' title='bbox 866 2531 966 2583; x_wconf 90' lang='lat' dir='ltr'>arma</span> <span class='ocrx_word' id='word_1_107' title='bbox 986 2512 1060 2594; x_wconf 91' lang='lat' dir='ltr'>dat,</span> <span class='ocrx_word' id='word_1_108' title='bbox 1078 2518 1118 2584; x_wconf 91' lang='lat' dir='ltr'>ut</span> <span class='ocrx_word' id='word_1_109' title='bbox 1137 2513 1251 2593; x_wconf 92' lang='lat' dir='ltr'>aiunt,</span> <span class='ocrx_word' id='word_1_110' title='bbox 1267 2511 1433 2583; x_wconf 88' lang='lat' dir='ltr'>resisten-</span> 
     </span>
     <span class='ocr_line' id='line_1_18' title="bbox 269 2626 1433 2725; baseline 0.001 -23"><span class='ocrx_word' id='word_1_111' title='bbox 269 2626 272 2635; x_wconf 60' lang='lat'>“</span> <span class='ocrx_word' id='word_1_112' title='bbox 369 2630 480 2703; x_wconf 86' lang='lat' dir='ltr'>tibus.</span> <span class='ocrx_word' id='word_1_113' title='bbox 496 2633 627 2704; x_wconf 86' lang='lat' dir='ltr'>Verum</span> <span class='ocrx_word' id='word_1_114' title='bbox 647 2640 701 2706; x_wconf 90' lang='lat' dir='ltr'>est</span> <span class='ocrx_word' id='word_1_115' title='bbox 718 2633 828 2718; x_wconf 93' lang='lat' dir='ltr'>enim,</span> <span class='ocrx_word' id='word_1_116' title='bbox 842 2652 918 2706; x_wconf 93' lang='lat' dir='ltr'>non</span> <span class='ocrx_word' id='word_1_117' title='bbox 939 2635 1057 2706; x_wconf 92' lang='lat' dir='ltr'>solum</span> <span class='ocrx_word' id='word_1_118' title='bbox 1075 2651 1253 2725; x_wconf 88' lang='lat' dir='ltr'>perpauca</span> <span class='ocrx_word' id='word_1_119' title='bbox 1269 2632 1433 2723; x_wconf 89' lang='lat' dir='ltr'>sepulcra</span> 
     </span>
     <span class='ocr_line' id='line_1_19' title="bbox 368 2754 1431 2851; baseline 0.002 -25"><span class='ocrx_word' id='word_1_120' title='bbox 368 2755 406 2826; x_wconf 96' lang='lat' dir='ltr'>in</span> <span class='ocrx_word' id='word_1_121' title='bbox 426 2755 551 2828; x_wconf 90' lang='lat' dir='ltr'>eadem</span> <span class='ocrx_word' id='word_1_122' title='bbox 570 2758 714 2848; x_wconf 82' lang='lat' dir='ltr'>regione</span> <span class='ocrx_word' id='word_1_123' title='bbox 734 2758 867 2850; x_wconf 79' lang='lat' dir='ltr'>figlinis</span> <span class='ocrx_word' id='word_1_124' title='bbox 882 2758 1009 2850; x_wconf 78' lang='lat' dir='ltr'>sigillis</span> <span class='ocrx_word' id='word_1_125' title='bbox 1030 2759 1149 2830; x_wconf 88' lang='lat' dir='ltr'>ornari</span> <span class='ocrx_word' id='word_1_126' title='bbox 1164 2754 1228 2851; x_wconf 77' lang='grc'><strong>(1),</strong></span> <span class='ocrx_word' id='word_1_127' title='bbox 1247 2756 1431 2829; x_wconf 88' lang='lat' dir='ltr'>sedetiam</span> 
     </span>
     <span class='ocr_line' id='line_1_20' title="bbox 370 2881 1432 2975; baseline 0.001 -22"><span class='ocrx_word' id='word_1_128' title='bbox 370 2882 544 2972; x_wconf 83' lang='lat' dir='ltr'>quasdam</span> <span class='ocrx_word' id='word_1_129' title='bbox 574 2884 737 2975; x_wconf 82' lang='lat' dir='ltr'>regiones</span> <span class='ocrx_word' id='word_1_130' title='bbox 766 2884 967 2955; x_wconf 91' lang='lat' dir='ltr'>simulacris</span> <span class='ocrx_word' id='word_1_131' title='bbox 998 2883 1072 2955; x_wconf 92' lang='lat' dir='ltr'>illis</span> <span class='ocrx_word' id='word_1_132' title='bbox 1098 2882 1319 2964; x_wconf 89' lang='lat' dir='ltr'>redundare,</span> <span class='ocrx_word' id='word_1_133' title='bbox 1342 2881 1432 2954; x_wconf 88' lang='lat' dir='ltr'>alias</span> 
     </span>
     <span class='ocr_line' id='line_1_21' title="bbox 367 3008 1428 3100; baseline -0.001 -22"><span class='ocrx_word' id='word_1_134' title='bbox 367 3014 485 3080; x_wconf 92' lang='lat' dir='ltr'>autem</span> <span class='ocrx_word' id='word_1_135' title='bbox 505 3009 704 3099; x_wconf 89' lang='lat' dir='ltr'>etquidem</span> <span class='ocrx_word' id='word_1_136' title='bbox 724 3011 947 3100; x_wconf 84' lang='lat' dir='ltr'>propinquas</span> <span class='ocrx_word' id='word_1_137' title='bbox 975 3009 1105 3081; x_wconf 91' lang='lat' dir='ltr'>iisdem</span> <span class='ocrx_word' id='word_1_138' title='bbox 1127 3008 1276 3080; x_wconf 92' lang='lat' dir='ltr'>omnino</span> <span class='ocrx_word' id='word_1_139' title='bbox 1296 3024 1428 3079; x_wconf 89' lang='lat' dir='ltr'>carere.</span> 
     </span>
     <span class='ocr_line' id='line_1_22' title="bbox 369 3129 1429 3223; baseline 0.001 -22"><span class='ocrx_word' id='word_1_140' title='bbox 369 3130 406 3201; x_wconf 90' lang='lat' dir='ltr'>Si</span> <span class='ocrx_word' id='word_1_141' title='bbox 428 3132 524 3222; x_wconf 89' lang='lat' dir='ltr'>quis,</span> <span class='ocrx_word' id='word_1_142' title='bbox 546 3131 701 3222; x_wconf 81' lang='lat' dir='ltr'>exempli</span> <span class='ocrx_word' id='word_1_143' title='bbox 720 3132 847 3223; x_wconf 82' lang='lat' dir='ltr'>gratia,</span> <span class='ocrx_word' id='word_1_144' title='bbox 868 3132 1025 3204; x_wconf 83' lang='lat' dir='ltr'>Atticum</span> <span class='ocrx_word' id='word_1_145' title='bbox 1047 3132 1251 3222; x_wconf 91' lang='lat' dir='ltr'>sepulcrum</span> <span class='ocrx_word' id='word_1_146' title='bbox 1272 3129 1429 3212; x_wconf 85' lang='lat' dir='ltr'>effodiet,</span> 
     </span>
     <span class='ocr_line' id='line_1_23' title="bbox 368 3254 1431 3345; baseline -0.001 -19"><span class='ocrx_word' id='word_1_147' title='bbox 368 3255 469 3326; x_wconf 90' lang='lat' dir='ltr'>nulla</span> <span class='ocrx_word' id='word_1_148' title='bbox 486 3262 548 3328; x_wconf 88' lang='lat' dir='ltr'>aut</span> <span class='ocrx_word' id='word_1_149' title='bbox 562 3255 757 3328; x_wconf 88' lang='lat' dir='ltr'>admodum</span> <span class='ocrx_word' id='word_1_150' title='bbox 779 3255 884 3327; x_wconf 89' lang='lat' dir='ltr'>rudia</span> <span class='ocrx_word' id='word_1_151' title='bbox 905 3256 1097 3327; x_wconf 89' lang='lat' dir='ltr'>simulacra</span> <span class='ocrx_word' id='word_1_152' title='bbox 1116 3254 1285 3345; x_wconf 89' lang='lat' dir='ltr'>reperiet;</span> <span class='ocrx_word' id='word_1_153' title='bbox 1303 3254 1333 3326; x_wconf 89' lang='lat' dir='ltr'>si</span> <span class='ocrx_word' id='word_1_154' title='bbox 1349 3255 1431 3344; x_wconf 85' lang='lat' dir='ltr'>quis</span> 
     </span>
     <span class='ocr_line' id='line_1_24' title="bbox 369 3361 1540 3468; baseline -0.002 -20"><span class='ocrx_word' id='word_1_155' title='bbox 369 3379 585 3462; x_wconf 87' lang='lat' dir='ltr'>Boeoticum‚</span> <span class='ocrx_word' id='word_1_156' title='bbox 607 3380 721 3451; x_wconf 89' lang='lat' dir='ltr'>multa</span> <span class='ocrx_word' id='word_1_157' title='bbox 745 3385 780 3450; x_wconf 87' lang='lat' dir='ltr'>et</span> <span class='ocrx_word' id='word_1_158' title='bbox 807 3377 972 3468; x_wconf 84' lang='lat' dir='ltr'>quaedam</span> <span class='ocrx_word' id='word_1_159' title='bbox 997 3377 1129 3449; x_wconf 80' lang='lat' dir='ltr'>eximia</span> <span class='ocrx_word' id='word_1_160' title='bbox 1153 3382 1228 3448; x_wconf 92' lang='lat' dir='ltr'>arte</span> <span class='ocrx_word' id='word_1_161' title='bbox 1252 3375 1433 3448; x_wconf 87' lang='lat' dir='ltr'>elaborata</span> <span class='ocrx_word' id='word_1_162' title='bbox 1534 3361 1540 3379; x_wconf 86' lang='lat'><em>&#39;</em></span> 
     </span>
     <span class='ocr_line' id='line_1_25' title="bbox 369 3497 1429 3592; baseline 0 -20"><span class='ocrx_word' id='word_1_163' title='bbox 369 3500 499 3592; x_wconf 79' lang='lat' dir='ltr'>sigilla.</span> <span class='ocrx_word' id='word_1_164' title='bbox 518 3502 605 3574; x_wconf 89' lang='lat' dir='ltr'>lnde</span> <span class='ocrx_word' id='word_1_165' title='bbox 625 3501 703 3584; x_wconf 88' lang='lat' dir='ltr'>fiet,</span> <span class='ocrx_word' id='word_1_166' title='bbox 722 3503 753 3573; x_wconf 92' lang='lat' dir='ltr'>si</span> <span class='ocrx_word' id='word_1_167' title='bbox 768 3501 952 3592; x_wconf 88' lang='lat' dir='ltr'>proposito</span> <span class='ocrx_word' id='word_1_168' title='bbox 972 3500 1128 3573; x_wconf 88' lang='lat' dir='ltr'>auctoris</span> <span class='ocrx_word' id='word_1_169' title='bbox 1148 3497 1429 3582; x_wconf 90' lang='lat' dir='ltr'>consentiemus,</span> 
     </span>
     <span class='ocr_line' id='line_1_26' title="bbox 370 3624 1433 3716; baseline 0 -21"><span class='ocrx_word' id='word_1_170' title='bbox 370 3630 409 3695; x_wconf 89' lang='lat' dir='ltr'>ut</span> <span class='ocrx_word' id='word_1_171' title='bbox 427 3625 589 3709; x_wconf 82' lang='lat' dir='ltr'>Athenae,</span> <span class='ocrx_word' id='word_1_172' title='bbox 612 3631 718 3716; x_wconf 89' lang='lat' dir='ltr'>caput</span> <span class='ocrx_word' id='word_1_173' title='bbox 735 3624 826 3696; x_wconf 94' lang='lat' dir='ltr'>illud</span> <span class='ocrx_word' id='word_1_174' title='bbox 844 3643 962 3697; x_wconf 92' lang='lat' dir='ltr'>rerum</span> <span class='ocrx_word' id='word_1_175' title='bbox 984 3625 1199 3706; x_wconf 87' lang='lat' dir='ltr'>Graecarum,</span> <span class='ocrx_word' id='word_1_176' title='bbox 1222 3640 1361 3695; x_wconf 89' lang='lat' dir='ltr'>sacrum</span> <span class='ocrx_word' id='word_1_177' title='bbox 1382 3642 1433 3695; x_wconf 83' lang='lat' dir='ltr'>re</span> 
     </span>
     <span class='ocr_line' id='line_1_27' title="bbox 369 3746 1430 3838; baseline 0.001 -21"><span class='ocrx_word' id='word_1_178' title='bbox 369 3746 513 3838; x_wconf 81' lang='lat' dir='ltr'>ligionis</span> <span class='ocrx_word' id='word_1_179' title='bbox 534 3749 775 3832; x_wconf 90' lang='lat' dir='ltr'>domicilium,</span> <span class='ocrx_word' id='word_1_180' title='bbox 798 3747 1008 3820; x_wconf 90' lang='lat' dir='ltr'>clarissimis</span> <span class='ocrx_word' id='word_1_181' title='bbox 1034 3746 1178 3838; x_wconf 85' lang='lat' dir='ltr'>templis</span> <span class='ocrx_word' id='word_1_182' title='bbox 1202 3753 1430 3828; x_wconf 84' lang='lat' dir='ltr'>exornatum,</span> 
     </span>
     <span class='ocr_line' id='line_1_28' title="bbox 370 3870 1430 3964; baseline 0.001 -23"><span class='ocrx_word' id='word_1_183' title='bbox 370 3870 551 3964; x_wconf 84' lang='lat' dir='ltr'>Dionysiis</span> <span class='ocrx_word' id='word_1_184' title='bbox 578 3880 613 3946; x_wconf 91' lang='lat' dir='ltr'>et</span> <span class='ocrx_word' id='word_1_185' title='bbox 638 3872 779 3946; x_wconf 88' lang='lat' dir='ltr'>solenni</span> <span class='ocrx_word' id='word_1_186' title='bbox 803 3872 849 3945; x_wconf 88' lang='lat' dir='ltr'>ad</span> <span class='ocrx_word' id='word_1_187' title='bbox 876 3871 1022 3944; x_wconf 86' lang='lat' dir='ltr'>Eleusin</span> <span class='ocrx_word' id='word_1_188' title='bbox 1046 3889 1178 3962; x_wconf 89' lang='lat' dir='ltr'>pompa</span> <span class='ocrx_word' id='word_1_189' title='bbox 1196 3870 1430 3954; x_wconf 86' lang='lat' dir='ltr'>celebratum,</span> 
     </span>
    </p>
   </div>
   <div class='ocr_carea' id='block_1_3' title="bbox 368 4055 1431 4351">
    <p class='ocr_par' dir='ltr' id='par_1_4' title="bbox 368 4055 1431 4351">
     <span class='ocr_line' id='line_1_29' title="bbox 374 4055 915 4162; baseline -0.007 -12"><span class='ocrx_word' id='word_1_190' title='bbox 374 4055 379 4065; x_wconf 23' lang='grc' dir='ltr'>ι</span> <span class='ocrx_word' id='word_1_191' title='bbox 403 4099 436 4162; x_wconf 83' lang='lat' dir='ltr'>(l)</span> <span class='ocrx_word' id='word_1_192' title='bbox 454 4097 578 4157; x_wconf 81' lang='lat' dir='ltr'>Biardot,</span> <span class='ocrx_word' id='word_1_193' title='bbox 591 4114 617 4161; x_wconf 90' lang='lat' dir='ltr'>p.</span> <span class='ocrx_word' id='word_1_194' title='bbox 631 4097 672 4147; x_wconf 86' lang='grc'>37.</span> <span class='ocrx_word' id='word_1_195' title='bbox 686 4094 726 4147; x_wconf 83' lang='lat' dir='ltr'>Cf.</span> <span class='ocrx_word' id='word_1_196' title='bbox 739 4097 856 4161; x_wconf 71' lang='lat' dir='ltr'>appetu</span> <span class='ocrx_word' id='word_1_197' title='bbox 871 4096 915 4160; x_wconf 86' lang='grc'>(6).</span> 
     </span>
     <span class='ocr_line' id='line_1_30' title="bbox 403 4183 1431 4251; baseline -0.001 -15"><span class='ocrx_word' id='word_1_198' title='bbox 403 4185 437 4251; x_wconf 73' lang='grc'>(2)</span> <span class='ocrx_word' id='word_1_199' title='bbox 453 4183 1005 4249; x_wconf 55' lang='grc'><strong>3111111111111111111111111111111111,</strong></span> <span class='ocrx_word' id='word_1_200' title='bbox 1021 4183 1075 4249; x_wconf 87' lang='lat' dir='ltr'>Vl,</span> <span class='ocrx_word' id='word_1_201' title='bbox 1089 4185 1198 4237; x_wconf 70' lang='lat' dir='ltr'>rooles</span> <span class='ocrx_word' id='word_1_202' title='bbox 1213 4186 1278 4236; x_wconf 72' lang='lat' dir='ltr'>douc</span> <span class='ocrx_word' id='word_1_203' title='bbox 1298 4185 1324 4235; x_wconf 85' lang='lat' dir='ltr'>lo</span> <span class='ocrx_word' id='word_1_204' title='bbox 1338 4187 1431 4237; x_wconf 76' lang='lat' dir='ltr'>Necro-</span> 
     </span>
     <span class='ocr_line' id='line_1_31' title="bbox 368 4272 1373 4351; baseline -0.009 -24"><span class='ocrx_word' id='word_1_205' title='bbox 368 4275 425 4342; x_wconf 85' lang='lat' dir='ltr'>pole</span> <span class='ocrx_word' id='word_1_206' title='bbox 438 4275 469 4327; x_wconf 85' lang='lat' dir='ltr'>de</span> <span class='ocrx_word' id='word_1_207' title='bbox 480 4276 595 4351; x_wconf 70' lang='lat' dir='ltr'>Myrino,</span> <span class='ocrx_word' id='word_1_208' title='bbox 611 4289 637 4349; x_wconf 83' lang='lat' dir='ltr'>p.</span> <span class='ocrx_word' id='word_1_209' title='bbox 653 4272 708 4332; x_wconf 83' lang='grc'><strong>101,</strong></span> <span class='ocrx_word' id='word_1_210' title='bbox 1371 4303 1373 4306; x_wconf 48' lang='lat'>&lt;</span> 
     </span>
    </p>
   </div>
   <div class='ocr_carea' id='block_1_4' title="bbox 0 0 1640 5244">
    <p class='ocr_par' dir='ltr' id='par_1_5' title="bbox 0 0 1640 5244">
     <span class='ocr_line' id='line_1_32' title="bbox 0 0 1640 5244; baseline 0 0"><span class='ocrx_word' id='word_1_211' title='bbox 0 0 1640 5244; x_wconf 95' lang='lat' dir='ltr'> </span> 
     </span>
    </p>
   </div>
  </div>
 </body>
</html>
