3270 5244
605 658 765 722 „23-

155 802 224 868 tem
256 791 325 888 (1),
355 812 437 867 cum
463 796 673 886 puerulum,
703 795 825 870 tabula
851 796 1003 888 genibus
1029 798 1215 890 imposita,

154 918 338 992 sedentem
362 925 421 1003 et,
446 918 663 1010 praesidente
686 926 924 1012 preceptore,
950 920 1064 994 labori
1093 922 1216 997 indul·

152 1049 293 1137 gentem
330 1040 403 1138 (2),
434 1061 513 1116 cum
547 1043 743 1136 puellulam
773 1045 849 1117 avis
880 1044 1096 1119 obluctantis
1125 1047 1216 1120 collo

153 1184 282 1239 manus
305 1166 549 1260 imponentem
574 1164 639 1261 (5),
662 1186 742 1240 oum
769 1169 927 1241 villicum
957 1169 1003 1242 ad
1031 1170 1215 1244 olitorium

152 1289 268 1363 iomm
295 1297 546 1383 properantem
567 1298 602 1364 et
629 1292 740 1365 asello
765 1293 1013 1384 procumbenti
1033 1295 1214 1367 aurilian-

153 1420 224 1488 tem
247 1410 316 1508 (1),
338 1433 419 1488 cum
443 1434 584 1488 sermm
607 1433 718 1506 puero
740 1416 900 1516 humeris
925 1417 1106 1491 assidente
1126 1437 1213 1493 one·

152 1529 267 1612 ratum
284 1545 318 1611 et
337 1539 479 1612 itineris
498 1538 596 1611 invia
615 1540 1036 1615 laternacollustrantem
1057 1540 1122 1637 (u),
1139 1545 1217 1617 haec

153 1663 274 1735 omnia
293 1669 328 1735 et
357 1662 429 1735 alia
457 1682 536 1736 cum
562 1663 722 1747 intueor,
747 1662 881 1737 dubius
905 1684 985 1737 sum
1011 1684 1082 1756 quo
1108 1668 1215 1741 modo

152 1785 281 1859 referre
299 1785 406 1859 liceat
425 1786 531 1859 istius
550 1786 649 1859 modi
673 1787 865 1860 simulacra
887 1788 934 1861 ad
956 1807 1074 1862 rerum
1099 1809 1215 1863 sacra·

152 1925 231 1981 rum
255 1909 390 1983 cultum
425 1915 459 1983 et
485 1908 717 2002 religionem?
740 1911 811 1983 Nec
838 1911 984 2001 quidem
1018 1912 1118 2004 attigi
1149 1913 1215 1987 has

151 2032 301 2126 tragicas
324 2033 550 2125 comicosque
573 2052 767 2126 personae,
789 2053 871 2125 quaa
888 2035 926 2106 ln
950 2034 1023 2111 iere
1046 2037 1215 2110 omnibus

150 2158 238 2231 locis
261 2158 510 2251 reperiuntur,
533 2175 599 2230 nec
622 2157 817 2231 histriones
837 2164 872 2230 et
897 2153 1037 2231 scurras
1056 2162 1156 2234 vultu
1175 2179 1217 2234 ac

151 2299 297 2375 corpore
317 2280 550 2364 deridiculos,
572 2280 635 2371 qui
654 2280 914 2371 frequentiores
935 2299 954 2353 e
973 2283 1104 2355 Graecis
1119 2283 1215 2356 Asiae

151 2404 325 2498 sepulcris
350 2404 587 2488 effluxerunt,
608 2423 675 2477 neo
697 2404 858 2476 festivam
883 2423 1075 2496 puerorum
1099 2413 1211 2481 cater-

152 2547 230 2601 vam
251 2548 359 2620 quam
379 2528 550 2612 canibus,
567 2529 671 2619 equis
690 2528 888 2618 avibusque
907 2527 1054 2602 mixtam
1075 2530 1213 2603 choreis

151 2660 184 2728 et
198 2652 295 2725 ludis
310 2653 496 2744 indulgere
506 2653 607 2742 juvat
625 2648 690 2746 (6).
709 2651 945 2739 Quibusdam,
961 2652 1059 2726 haud
1072 2654 1212 2745 ignoro,

150 2776 285 2868 placuit
309 2776 391 2848 illas
419 2776 593 2869 imagines
622 2774 772 2848 artificio
799 2774 956 2866 quodam
984 2776 1106 2869 solerti
1132 2796 1213 2850 cum

150 2900 277 2975 ceteris
292 2899 441 2974 deorum
462 2899 663 2973 simulacris
679 2900 851 2992 jungere,
870 2918 934 2973 seu
956 2900 1046 2993 ipsa
1060 2900 1137 2975 dem
1151 2901 1212 2975 de·

149 3023 310 3098 ridiculis
330 3023 454 3117 liguris
474 3023 733 3116 exprimantur,
752 3042 816 3096 seu
832 3025 966 3096 Baccho
982 3024 1130 3097 comites
1149 3024 1211 3097 ha·

148 3147 301 3223 beantur
319 3147 515 3222 histriones
535 3154 569 3223 et
588 3166 739 3231 scurrae,
761 3165 825 3220 seu
843 3146 993 3221 Veneris
1013 3154 1048 3220 et
1069 3146 1211 3221 Amoris

178 3430 211 3497 (1)
231 3429 327 3493 Rayet,
340 3427 438 3482 corate
449 3430 492 3481 des
504 3431 622 3490 3.·4111,
638 3429 785 3491 septembre
800 3425 873 3490 1378,
887 3440 915 3490 p.
935 3425 995 3488 361;
1010 3428 1168 3478 nocumenta
1181 3426 1213 3478 dc

148 3518 206 3571 t'ort
219 3525 284 3576 cot..
297 3517 323 3567 t·
337 3518 413 3581 iasa,
428 3519 565 3582 ltpcrtacs
575 3523 715 3581 protegam
729 3515 801 3579 (cett.
817 3515 965 3568 Bottlcwtltt
978 3521 1001 3567 et
1012 3517 1111 3580 hapa).
1128 3514 1210 3568 colli-

148 3620 230 3672 gnon,
246 3606 349 3660 Houucl
360 3606 507 3670 d'crclttol„
519 3622 546 3672 p.
558 3605 614 3669 751,
629 3606 672 3671 llg.
686 3605 725 3657 82.

180 3696 212 3761 (1)
231 3695 299 3748 hott.
314 3696 345 3747 de
359 3710 424 3747 corr.
440 3695 507 3759 hall„
522 3694 571 3759 VI,
584 3710 612 3759 p.
627 3694 683 3746 574.

180 3785 212 3850 (3)
231 3784 328 3850 Rayet,
343 3784 406 3840 Gor.
421 3785 464 3836 dea
477 3786 589 3846 6.-4111,
603 3788 671 3849 sept.
687 3783 756 3846 1878,
771 3798 797 3849 p.
813 3783 869 3834 364.

179 3874 212 3939 (4)
231 3872 299 3925 Ball.
321 3875 351 3924 de
369 3886 435 3924 corr.
450 3871 558 3933 holtem,
572 3871 626 3936 VI,
642 3887 668 3937 p.
684 3871 740 3924 676.
756 3869 797 3923 01.
819 3870 981 3925 Grtcchlrclre
994 3873 1152 3923 lemoscheh
1165 3882 1212 3922 aar

150 3963 268 4029 locogrc
281 3977 309 4014 u.
321 3962 431 4028 Ephesos
448 3964 484 4013 tm
497 3961 564 4013 Berl.
577 3963 650 4024 lica,
667 3962 702 4025 pl.
715 3961 755 4012 at.
893 3966 895 3970 ⁴

180 4053 212 4118 (5)
232 4052 299 4104 nou.
311 4052 342 4104 de
359 4066 422 4104 corr.
440 4051 541 4115 telum,
556 4064 593 4116 v1,
608 4067 636 4117 p.
649 4051 709 4114 5763
722 4063 770 4113 vn,
782 4050 820 4115 pl.
837 4047 874 4101 ll.

181 4141 214 4206 (6)
230 4137 342 4203 Martha,
357 4141 502 4206 cambam,
513 4155 539 4206 p.
553 4139 671 4203 116117
686 4139 771 4206 (Tohte
785 4140 829 4191 dcc
837 4138 964 4202 matteras,
973 4151 1009 4190 au
1016 4140 1073 4189 mot
1079 4135 1213 4202 lintoolo).

148 4230 215 4284 hott.
236 4231 266 4282 de
279 4243 346 4282 corr.
360 4230 468 4294 bellem,
484 4229 523 4294 V,
537 4231 574 4295 pl.
599 4228 641 4292 15,
659 4227 777 4290 testu,
799 4228 836 4293 pl.
852 4226 881 4286 7.
898 4225 963 4288 vri,
977 4227 1014 4291 pl.
1037 4223 1081 4287 11,
1107 4223 1149 4285 lt,
1167 4223 1211 4286 13,

149 4319 189 4372 11.
204 4318 341 4373 colurum
351 4318 466 4386 Mcugsr,
481 4318 507 4369 2·
521 4319 596 4381 iaso,
612 4320 649 4384 pl.
664 4316 711 4381 D’,
725 4315 770 4379 n2,
784 4314 833 4377 131,
848 4313 899 4378 0¹,
914 4313 967 4376 11¹,
983 4313 1024 4376 1¹,
1038 4311 1082 4375 J¹,
1098 4310 1210 4375 1<¹,1.¹,

148 4406 393 4474 ll¹,rt¹,0¹,i>¹.
969 4412 970 4415 ¹
