<?xml version="1.0" encoding="UTF-8"?>
<!DOCTYPE html PUBLIC "-//W3C//DTD XHTML 1.0 Transitional//EN"
    "http://www.w3.org/TR/xhtml1/DTD/xhtml1-transitional.dtd">
<html xmlns="http://www.w3.org/1999/xhtml" xml:lang="en" lang="en">
 <head>
  <title>
</title>
<meta http-equiv="Content-Type" content="text/html;charset=utf-8" />
  <meta name='ocr-system' content='tesseract 3.04.00' />
  <meta name='ocr-capabilities' content='ocr_page ocr_carea ocr_par ocr_line ocrx_word'/>
</head>
<body>
  <div class='ocr_page' id='page_1' title='image "./quamobcausamgra00pottgoog_0056.png"; bbox 0 0 3270 5244; ppageno 0'>
   <div class='ocr_carea' id='block_1_1' title="bbox 492 964 918 1056">
    <p class='ocr_par' dir='ltr' id='par_1_1' title="bbox 492 964 918 1056">
     <span class='ocr_line' id='line_1_1' title="bbox 492 964 918 1056; baseline 0.002 -2"><span class='ocrx_word' id='word_1_1' title='bbox 492 964 620 1056; x_wconf 82' lang='lat' dir='ltr'><strong>PARS</strong></span> <span class='ocrx_word' id='word_1_2' title='bbox 638 964 918 1056; x_wconf 79' lang='lat' dir='ltr'>Posrultlou</span> 
     </span>
    </p>
   </div>
   <div class='ocr_carea' id='block_1_2' title="bbox 146 1573 1249 3031">
    <p class='ocr_par' dir='ltr' id='par_1_2' title="bbox 146 1573 1249 3031">
     <span class='ocr_line' id='line_1_2' title="bbox 146 1573 1238 1665; baseline -0.003 -17"><span class='ocrx_word' id='word_1_3' title='bbox 146 1616 148 1620; x_wconf 94' lang='lat'>·</span> <span class='ocrx_word' id='word_1_4' title='bbox 226 1576 313 1662; x_wconf 89' lang='lat' dir='ltr'>Quae</span> <span class='ocrx_word' id='word_1_5' title='bbox 336 1573 576 1665; x_wconf 81' lang='lat' dir='ltr'>investigandi</span> <span class='ocrx_word' id='word_1_6' title='bbox 596 1574 687 1646; x_wconf 88' lang='lat' dir='ltr'>ratio</span> <span class='ocrx_word' id='word_1_7' title='bbox 713 1573 820 1646; x_wconf 87' lang='lat' dir='ltr'>nohis</span> <span class='ocrx_word' id='word_1_8' title='bbox 840 1573 1045 1648; x_wconf 81' lang='lat' dir='ltr'>conveniret</span> <span class='ocrx_word' id='word_1_9' title='bbox 1064 1573 1102 1645; x_wconf 95' lang='lat' dir='ltr'>in</span> <span class='ocrx_word' id='word_1_10' title='bbox 1127 1575 1238 1647; x_wconf 89' lang='lat' dir='ltr'>inter·</span> 
     </span>
     <span class='ocr_line' id='line_1_3' title="bbox 177 1683 1242 1791; baseline 0 -22"><span class='ocrx_word' id='word_1_11' title='bbox 177 1697 361 1791; x_wconf 86' lang='lat' dir='ltr'>pretandis</span> <span class='ocrx_word' id='word_1_12' title='bbox 376 1697 510 1789; x_wconf 82' lang='lat' dir='ltr'>figlinis</span> <span class='ocrx_word' id='word_1_13' title='bbox 527 1697 668 1789; x_wconf 84' lang='lat' dir='ltr'>sigillis,</span> <span class='ocrx_word' id='word_1_14' title='bbox 680 1698 754 1789; x_wconf 88' lang='lat' dir='ltr'>jam</span> <span class='ocrx_word' id='word_1_15' title='bbox 770 1683 1016 1789; x_wconf 82' lang='lat' dir='ltr'>exposuimus.</span> <span class='ocrx_word' id='word_1_16' title='bbox 1029 1697 1242 1789; x_wconf 81' lang='lat' dir='ltr'>Priusquam</span> 
     </span>
     <span class='ocr_line' id='line_1_4' title="bbox 178 1821 1240 1914; baseline -0.001 -19"><span class='ocrx_word' id='word_1_17' title='bbox 178 1821 335 1914; x_wconf 78' lang='lat' dir='ltr'>aliquam</span> <span class='ocrx_word' id='word_1_18' title='bbox 354 1823 404 1895; x_wconf 92' lang='lat' dir='ltr'>rei</span> <span class='ocrx_word' id='word_1_19' title='bbox 425 1822 700 1896; x_wconf 90' lang='lat' dir='ltr'>aestimationem</span> <span class='ocrx_word' id='word_1_20' title='bbox 716 1840 980 1913; x_wconf 80' lang='lat' dir='ltr'>proponamus,</span> <span class='ocrx_word' id='word_1_21' title='bbox 1003 1840 1148 1896; x_wconf 87' lang='lat' dir='ltr'>neeesse</span> <span class='ocrx_word' id='word_1_22' title='bbox 1169 1828 1240 1905; x_wconf 90' lang='lat' dir='ltr'>est,</span> 
     </span>
     <span class='ocr_line' id='line_1_5' title="bbox 179 1945 1243 2037; baseline -0.002 -18"><span class='ocrx_word' id='word_1_23' title='bbox 179 1953 301 2020; x_wconf 89' lang='lat' dir='ltr'>nostra</span> <span class='ocrx_word' id='word_1_24' title='bbox 325 1947 522 2031; x_wconf 88' lang='lat' dir='ltr'>sententia,</span> <span class='ocrx_word' id='word_1_25' title='bbox 544 1953 584 2019; x_wconf 88' lang='lat' dir='ltr'>ut</span> <span class='ocrx_word' id='word_1_26' title='bbox 607 1945 800 2019; x_wconf 82' lang='lat' dir='ltr'>ordinatim</span> <span class='ocrx_word' id='word_1_27' title='bbox 825 1945 1072 2037; x_wconf 79' lang='lat' dir='ltr'>colligamuse</span> <span class='ocrx_word' id='word_1_28' title='bbox 1096 1945 1243 2037; x_wconf 85' lang='lat' dir='ltr'>seriptu-</span> 
     </span>
     <span class='ocr_line' id='line_1_6' title="bbox 180 2069 1242 2163; baseline -0.001 -20"><span class='ocrx_word' id='word_1_29' title='bbox 180 2070 301 2154; x_wconf 86' lang='lat' dir='ltr'>ribus,</span> <span class='ocrx_word' id='word_1_30' title='bbox 326 2089 346 2144; x_wconf 99' lang='lat' dir='ltr'>e</span> <span class='ocrx_word' id='word_1_31' title='bbox 367 2070 630 2153; x_wconf 83' lang='lat' dir='ltr'>monumentis,</span> <span class='ocrx_word' id='word_1_32' title='bbox 653 2089 696 2144; x_wconf 80' lang='lat' dir='ltr'>ex</span> <span class='ocrx_word' id='word_1_33' title='bbox 715 2072 795 2163; x_wconf 89' lang='lat' dir='ltr'>ipsa</span> <span class='ocrx_word' id='word_1_34' title='bbox 820 2070 1064 2160; x_wconf 82' lang='lat' dir='ltr'>sepulcrorum</span> <span class='ocrx_word' id='word_1_35' title='bbox 1093 2069 1242 2161; x_wconf 82' lang='lat' dir='ltr'>indaga·</span> 
     </span>
     <span class='ocr_line' id='line_1_7' title="bbox 180 2193 1244 2287; baseline -0.002 -20"><span class='ocrx_word' id='word_1_36' title='bbox 180 2194 277 2270; x_wconf 91' lang='lat' dir='ltr'>tione</span> <span class='ocrx_word' id='word_1_37' title='bbox 296 2195 476 2287; x_wconf 90' lang='lat' dir='ltr'>quidquid</span> <span class='ocrx_word' id='word_1_38' title='bbox 504 2195 549 2266; x_wconf 90' lang='lat' dir='ltr'>ad</span> <span class='ocrx_word' id='word_1_39' title='bbox 579 2194 705 2286; x_wconf 77' lang='lat' dir='ltr'>figlina</span> <span class='ocrx_word' id='word_1_40' title='bbox 727 2195 845 2286; x_wconf 82' lang='lat' dir='ltr'>sigilla</span> <span class='ocrx_word' id='word_1_41' title='bbox 870 2193 1059 2285; x_wconf 82' lang='lat' dir='ltr'>pertineat.</span> <span class='ocrx_word' id='word_1_42' title='bbox 1086 2194 1124 2265; x_wconf 89' lang='lat' dir='ltr'>Si</span> <span class='ocrx_word' id='word_1_43' title='bbox 1147 2194 1244 2268; x_wconf 90' lang='lat' dir='ltr'>enim</span> 
     </span>
     <span class='ocr_line' id='line_1_8' title="bbox 181 2317 1246 2409; baseline 0 -19"><span class='ocrx_word' id='word_1_44' title='bbox 181 2320 273 2390; x_wconf 90' lang='lat' dir='ltr'>nihil</span> <span class='ocrx_word' id='word_1_45' title='bbox 301 2319 495 2394; x_wconf 88' lang='lat' dir='ltr'>admodum</span> <span class='ocrx_word' id='word_1_46' title='bbox 525 2318 707 2391; x_wconf 89' lang='lat' dir='ltr'>audiimus</span> <span class='ocrx_word' id='word_1_47' title='bbox 731 2318 775 2391; x_wconf 93' lang='lat' dir='ltr'>de</span> <span class='ocrx_word' id='word_1_48' title='bbox 797 2317 932 2409; x_wconf 80' lang='lat' dir='ltr'>figlinis</span> <span class='ocrx_word' id='word_1_49' title='bbox 955 2318 1173 2409; x_wconf 80' lang='lat' dir='ltr'>imaginibus</span> <span class='ocrx_word' id='word_1_50' title='bbox 1199 2317 1246 2390; x_wconf 87' lang='lat' dir='ltr'>ad</span> 
     </span>
     <span class='ocr_line' id='line_1_9' title="bbox 182 2443 1246 2543; baseline -0.002 -27"><span class='ocrx_word' id='word_1_51' title='bbox 182 2444 371 2536; x_wconf 82' lang='lat' dir='ltr'>exsequias</span> <span class='ocrx_word' id='word_1_52' title='bbox 407 2454 629 2516; x_wconf 83' lang='lat' dir='ltr'>mortuorum</span> <span class='ocrx_word' id='word_1_53' title='bbox 666 2443 898 2534; x_wconf 83' lang='lat' dir='ltr'>comparatis,</span> <span class='ocrx_word' id='word_1_54' title='bbox 938 2443 1115 2543; x_wconf 88' lang='lat' dir='ltr'>nonnulla</span> <span class='ocrx_word' id='word_1_55' title='bbox 1150 2459 1246 2514; x_wconf 87' lang='lat' dir='ltr'>aooe·</span> 
     </span>
     <span class='ocr_line' id='line_1_10' title="bbox 181 2566 1247 2660; baseline -0.001 -21"><span class='ocrx_word' id='word_1_56' title='bbox 181 2566 301 2659; x_wconf 91' lang='lat' dir='ltr'>pimus</span> <span class='ocrx_word' id='word_1_57' title='bbox 324 2568 368 2641; x_wconf 95' lang='lat' dir='ltr'>de</span> <span class='ocrx_word' id='word_1_58' title='bbox 394 2570 576 2642; x_wconf 79' lang='lat' dir='ltr'>communi</span> <span class='ocrx_word' id='word_1_59' title='bbox 604 2568 802 2660; x_wconf 83' lang='lat' dir='ltr'>sigillorum</span> <span class='ocrx_word' id='word_1_60' title='bbox 832 2567 928 2658; x_wconf 85' lang='lat' dir='ltr'>apud</span> <span class='ocrx_word' id='word_1_61' title='bbox 955 2567 1094 2639; x_wconf 87' lang='lat' dir='ltr'>Graeoos</span> <span class='ocrx_word' id='word_1_62' title='bbox 1121 2567 1247 2639; x_wconf 87' lang='lat' dir='ltr'>Roma·</span> 
     </span>
     <span class='ocr_line' id='line_1_11' title="bbox 182 2690 1244 2783; baseline 0.001 -20"><span class='ocrx_word' id='word_1_63' title='bbox 182 2710 321 2783; x_wconf 90' lang='lat' dir='ltr'>nosque</span> <span class='ocrx_word' id='word_1_64' title='bbox 335 2712 418 2765; x_wconf 90' lang='lat' dir='ltr'>usu.</span> <span class='ocrx_word' id='word_1_65' title='bbox 430 2696 517 2779; x_wconf 86' lang='lat' dir='ltr'>Quae</span> <span class='ocrx_word' id='word_1_66' title='bbox 531 2694 561 2765; x_wconf 92' lang='lat' dir='ltr'>si</span> <span class='ocrx_word' id='word_1_67' title='bbox 576 2692 861 2765; x_wconf 81' lang='lat' dir='ltr'>recensuerimus</span> <span class='ocrx_word' id='word_1_68' title='bbox 873 2691 918 2762; x_wconf 88' lang='lat' dir='ltr'>ab</span> <span class='ocrx_word' id='word_1_69' title='bbox 930 2690 1090 2781; x_wconf 89' lang='lat' dir='ltr'>antiquis</span> <span class='ocrx_word' id='word_1_70' title='bbox 1101 2690 1244 2774; x_wconf 86' lang='lat' dir='ltr'>tradita,</span> 
     </span>
     <span class='ocr_line' id='line_1_12' title="bbox 183 2814 1249 2908; baseline 0.002 -22"><span class='ocrx_word' id='word_1_71' title='bbox 183 2814 261 2887; x_wconf 84' lang='lat' dir='ltr'>fieri</span> <span class='ocrx_word' id='word_1_72' title='bbox 284 2818 414 2908; x_wconf 89' lang='lat' dir='ltr'>poterit</span> <span class='ocrx_word' id='word_1_73' title='bbox 438 2824 478 2889; x_wconf 88' lang='lat' dir='ltr'>ut</span> <span class='ocrx_word' id='word_1_74' title='bbox 500 2817 604 2890; x_wconf 81' lang='lat' dir='ltr'>obvia</span> <span class='ocrx_word' id='word_1_75' title='bbox 626 2817 732 2889; x_wconf 91' lang='lat' dir='ltr'>nobis</span> <span class='ocrx_word' id='word_1_76' title='bbox 752 2823 912 2888; x_wconf 86' lang='lat' dir='ltr'>ooourrat</span> <span class='ocrx_word' id='word_1_77' title='bbox 931 2815 977 2887; x_wconf 93' lang='lat' dir='ltr'>ad</span> <span class='ocrx_word' id='word_1_78' title='bbox 1000 2816 1139 2906; x_wconf 88' lang='lat' dir='ltr'>reliqua</span> <span class='ocrx_word' id='word_1_79' title='bbox 1161 2834 1249 2888; x_wconf 92' lang='lat' dir='ltr'>enu-</span> 
     </span>
     <span class='ocr_line' id='line_1_13' title="bbox 184 2939 1249 3031; baseline 0.002 -21"><span class='ocrx_word' id='word_1_80' title='bbox 184 2939 330 3025; x_wconf 80' lang='lat' dir='ltr'>cleanda</span> <span class='ocrx_word' id='word_1_81' title='bbox 352 2940 515 3014; x_wconf 82' lang='lat' dir='ltr'>iaoultas</span> <span class='ocrx_word' id='word_1_82' title='bbox 539 2941 626 3013; x_wconf 90' lang='lat' dir='ltr'>lnde</span> <span class='ocrx_word' id='word_1_83' title='bbox 651 2941 815 3030; x_wconf 90' lang='lat' dir='ltr'>sequitur</span> <span class='ocrx_word' id='word_1_84' title='bbox 834 2947 873 3011; x_wconf 88' lang='lat' dir='ltr'>ut</span> <span class='ocrx_word' id='word_1_85' title='bbox 891 2939 1051 3030; x_wconf 82' lang='lat' dir='ltr'>singula,</span> <span class='ocrx_word' id='word_1_86' title='bbox 1073 2946 1249 3031; x_wconf 90' lang='lat' dir='ltr'>quantum</span> 
     </span>
    </p>
   </div>
   <div class='ocr_carea' id='block_1_3' title="bbox 185 3062 1264 3260">
    <p class='ocr_par' dir='ltr' id='par_1_3' title="bbox 185 3062 1264 3260">
     <span class='ocr_line' id='line_1_14' title="bbox 185 3062 1264 3158; baseline 0.002 -24"><span class='ocrx_word' id='word_1_87' title='bbox 185 3080 240 3135; x_wconf 92' lang='lat' dir='ltr'>res</span> <span class='ocrx_word' id='word_1_88' title='bbox 264 3064 410 3155; x_wconf 90' lang='lat' dir='ltr'>patitur,</span> <span class='ocrx_word' id='word_1_89' title='bbox 432 3066 649 3139; x_wconf 74' lang='lat' dir='ltr'>conservatis</span> <span class='ocrx_word' id='word_1_90' title='bbox 675 3066 882 3155; x_wconf 83' lang='lat' dir='ltr'>notatisque</span> <span class='ocrx_word' id='word_1_91' title='bbox 907 3064 1148 3155; x_wconf 87' lang='lat' dir='ltr'>temporibus,</span> <span class='ocrx_word' id='word_1_92' title='bbox 1174 3062 1264 3158; x_wconf 79' lang='lat' dir='ltr'>per·&#39;</span> 
     </span>
     <span class='ocr_line' id='line_1_15' title="bbox 186 3184 392 3260; baseline 0.024 -5"><span class='ocrx_word' id='word_1_93' title='bbox 186 3184 392 3260; x_wconf 88' lang='lat' dir='ltr'>lustremus.</span> 
     </span>
    </p>
   </div>
   <div class='ocr_carea' id='block_1_4' title="bbox 457 3337 897 3454">
    <p class='ocr_par' dir='ltr' id='par_1_4' title="bbox 457 3337 897 3454">
     <span class='ocr_line' id='line_1_16' title="bbox 457 3337 897 3454; baseline -0.007 -14"><span class='ocrx_word' id='word_1_94' title='bbox 457 3447 460 3454; x_wconf 66' lang='grc'>,</span> <span class='ocrx_word' id='word_1_95' title='bbox 541 3337 897 3441; x_wconf 67' lang='lat' dir='ltr'>olrur&#39;rnruun.</span> 
     </span>
    </p>
   </div>
   <div class='ocr_carea' id='block_1_5' title="bbox 255 3633 1185 3816">
    <p class='ocr_par' dir='ltr' id='par_1_5' title="bbox 255 3633 1185 3816">
     <span class='ocr_line' id='line_1_17' title="bbox 255 3633 1185 3706; baseline -0.004 -13"><span class='ocrx_word' id='word_1_96' title='bbox 255 3633 340 3706; x_wconf 84' lang='lat' dir='ltr'>ourn</span> <span class='ocrx_word' id='word_1_97' title='bbox 365 3634 547 3692; x_wconf 84' lang='lat' dir='ltr'>snnsnnrnr</span> <span class='ocrx_word' id='word_1_98' title='bbox 572 3636 712 3705; x_wconf 82' lang='lat' dir='ltr'>lnrrqur</span> <span class='ocrx_word' id='word_1_99' title='bbox 743 3633 948 3691; x_wconf 85' lang='lat' dir='ltr'>scnnronns</span> <span class='ocrx_word' id='word_1_100' title='bbox 974 3634 1018 3688; x_wconf 88' lang='lat' dir='ltr'>nn</span> <span class='ocrx_word' id='word_1_101' title='bbox 1044 3633 1185 3690; x_wconf 85' lang='lat' dir='ltr'>rronmrs</span> 
     </span>
     <span class='ocr_line' id='line_1_18' title="bbox 642 3739 802 3816; baseline -0.025 0"><span class='ocrx_word' id='word_1_102' title='bbox 642 3739 802 3816; x_wconf 82' lang='lat' dir='ltr'>srornnrs?</span> 
     </span>
    </p>
   </div>
   <div class='ocr_carea' id='block_1_6' title="bbox 176 3976 1361 4343">
    <p class='ocr_par' dir='ltr' id='par_1_6' title="bbox 176 3976 1361 4343">
     <span class='ocr_line' id='line_1_19' title="bbox 240 3976 1361 4084; baseline -0.004 -17"><span class='ocrx_word' id='word_1_103' title='bbox 240 3993 276 4067; x_wconf 90' lang='lat' dir='ltr'>Si</span> <span class='ocrx_word' id='word_1_104' title='bbox 299 3984 430 4067; x_wconf 77' lang='lat' dir='ltr'>{abulae</span> <span class='ocrx_word' id='word_1_105' title='bbox 457 3991 603 4084; x_wconf 90' lang='lat' dir='ltr'>quidem</span> <span class='ocrx_word' id='word_1_106' title='bbox 630 3989 803 4074; x_wconf 88' lang='lat' dir='ltr'>ereditur,</span> <span class='ocrx_word' id='word_1_107' title='bbox 825 3988 917 4063; x_wconf 90' lang='lat' dir='ltr'>nihil</span> <span class='ocrx_word' id='word_1_108' title='bbox 946 3990 1121 4063; x_wconf 87' lang='lat' dir='ltr'>vetustius</span> <span class='ocrx_word' id='word_1_109' title='bbox 1148 4009 1256 4082; x_wconf 89' lang='lat' dir='ltr'>quam</span> <span class='ocrx_word' id='word_1_110' title='bbox 1360 3976 1361 3979; x_wconf 44' lang='lat'>‘</span> 
     </span>
     <span class='ocr_line' id='line_1_20' title="bbox 192 4115 1255 4210; baseline -0.005 -18"><span class='ocrx_word' id='word_1_111' title='bbox 192 4139 250 4192; x_wconf 92' lang='lat' dir='ltr'>ars</span> <span class='ocrx_word' id='word_1_112' title='bbox 269 4118 410 4210; x_wconf 79' lang='lat' dir='ltr'>figlina,</span> <span class='ocrx_word' id='word_1_113' title='bbox 431 4121 555 4207; x_wconf 91' lang='lat' dir='ltr'>utpote</span> <span class='ocrx_word' id='word_1_114' title='bbox 578 4134 659 4206; x_wconf 87' lang='lat' dir='ltr'>quae</span> <span class='ocrx_word' id='word_1_115' title='bbox 683 4116 799 4206; x_wconf 83' lang='lat' dir='ltr'>gentis</span> <span class='ocrx_word' id='word_1_116' title='bbox 822 4115 992 4187; x_wconf 90' lang='lat' dir='ltr'>humanae</span> <span class='ocrx_word' id='word_1_117' title='bbox 1013 4115 1142 4206; x_wconf 82' lang='lat' dir='ltr'>origini</span> <span class='ocrx_word' id='word_1_118' title='bbox 1162 4132 1255 4205; x_wconf 90' lang='lat' dir='ltr'>prae·</span> 
     </span>
     <span class='ocr_line' id='line_1_21' title="bbox 176 4234 1255 4343; baseline -0.006 -28"><span class='ocrx_word' id='word_1_119' title='bbox 176 4234 178 4237; x_wconf 73' lang='grc'><strong>’</strong></span> <span class='ocrx_word' id='word_1_120' title='bbox 193 4243 311 4318; x_wconf 90' lang='lat' dir='ltr'>luerit.</span> <span class='ocrx_word' id='word_1_121' title='bbox 322 4243 368 4316; x_wconf 88' lang='lat' dir='ltr'>Ut</span> <span class='ocrx_word' id='word_1_122' title='bbox 379 4241 474 4314; x_wconf 87' lang='lat' dir='ltr'>lama</span> <span class='ocrx_word' id='word_1_123' title='bbox 483 4245 550 4322; x_wconf 89' lang='lat' dir='ltr'>est,</span> <span class='ocrx_word' id='word_1_124' title='bbox 561 4237 720 4343; x_wconf 85' lang='lat' dir='ltr'>hominis</span> <span class='ocrx_word' id='word_1_125' title='bbox 731 4237 881 4339; x_wconf 82' lang='lat' dir='ltr'>effigiem</span> <span class='ocrx_word' id='word_1_126' title='bbox 892 4237 1125 4338; x_wconf 87' lang='lat' dir='ltr'>Prometheus</span> <span class='ocrx_word' id='word_1_127' title='bbox 1143 4255 1255 4335; x_wconf 82' lang='lat' dir='ltr'>exar-</span> 
     </span>
    </p>
   </div>
   <div class='ocr_carea' id='block_1_7' title="bbox 0 0 1672 5244">
    <p class='ocr_par' dir='ltr' id='par_1_7' title="bbox 0 0 1672 5244">
     <span class='ocr_line' id='line_1_22' title="bbox 0 0 1672 5244; baseline 0 0"><span class='ocrx_word' id='word_1_128' title='bbox 0 0 1672 5244; x_wconf 95' lang='lat' dir='ltr'> </span> 
     </span>
    </p>
   </div>
  </div>
 </body>
</html>
