3270 5244
850 483 1011 546 ..45-

398 623 482 714 gilla
499 622 601 695 duxit
624 621 694 717 (l);
713 618 770 695 cui
785 621 911 694 artitici
932 639 978 694 ne
996 621 1152 713 impares
1166 619 1385 702 viderentur,
1407 620 1461 690 hii

398 747 704 820 informaveruute
718 748 792 820 luto
805 747 1017 827 Pandoram,
1029 746 1172 818 exitiale
1182 744 1393 818 hominihus
1404 743 1462 816 do-

398 891 485 943 num
501 870 573 966 (ill
590 874 667 943 lam
688 877 792 967 aetate
811 871 1004 952 homerica,
1027 869 1193 941 nonnihil
1209 870 1403 960 accipimus
1419 867 1462 939 de

397 998 490 1069 fictis
510 1016 555 1068 ex
577 998 703 1089 argilla
721 996 954 1087 imaginihus,
977 1014 1056 1068 cum
1075 995 1213 1067 dicatur
1233 994 1384 1085 Cyprius
1402 1011 1461 1064 rex

397 1122 546 1214 Cinyras
561 1122 705 1194 misisse
725 1122 880 1212 trojam,
900 1140 964 1211 pro
986 1119 1119 1192 debitis
1135 1119 1294 1200 auxiliis,
1313 1120 1461 1190 classem

396 1247 588 1338 quamdam
601 1252 791 1319 testaceam
803 1242 838 1316 at
852 1244 968 1317 luteos
985 1228 1117 1316 milites
1131 1241 1319 1338 (ὀστράκινον
1337 1245 1461 1330 στόλον,

394 1370 514 1466 patrone
534 1366 654 1467 ἄνδρας)
678 1369 742 1466 (5).
762 1370 866 1458 Quod
882 1371 913 1442 si
929 1370 973 1442 do
989 1369 1096 1442 rebus
1112 1368 1231 1452 certis,
1249 1387 1315 1441 nec
1328 1370 1403 1459 jam
1419 1367 1463 1441 de

395 1494 527 1567 tabulis
555 1496 755 1586 quaeritur,
787 1493 920 1584 figlinae
946 1492 1034 1564 artis
1055 1492 1205 1564 ⁴initium
1240 1492 1278 1560 in
1311 1491 1461 1563 obscuro

394 1618 492 1691 latet.
510 1619 611 1690 Nunc
629 1617 759 1690 dicitur
779 1617 952 1690 Coroehus
972 1615 1204 1689 Atheniensis
1224 1614 1384 1706 figlinam
1402 1616 1458 1686 in·

394 1742 536 1816 venisse
566 1740 637 1837 (l);
669 1761 766 1814 nunc
803 1741 957 1814 Butades
992 1741 1201 1832 Sicyonius,
1232 1739 1294 1830 qui
1333 1739 1458 1811 Corin·

394 1867 446 1939 thi
466 1867 605 1958 primus
622 1875 745 1958 typum
762 1865 938 1957 expressit
954 1882 973 1936 e
986 1864 1129 1956 juvenis
1145 1863 1260 1956 effigie
1275 1865 1312 1936 in
1327 1864 1461 1956 pariete

394 1991 659 2082 circumscripta
685 1988 749 2086 (5).
773 1992 865 2063 Sunt
883 1990 945 2061 alii
966 1990 1028 2080 qui
1052 1988 1191 2062 Samios
1213 1990 1386 2080 plasticen
1408 1989 1462 2059 in·

386 2116 536 2188 vvenisse
556 2116 728 2188 Rhmuuru
748 2122 783 2187 et
801 2113 1027 2186 Theodorum
1051 2113 1194 2186 tradant
1217 2109 1282 2208 (6).
1309 2113 1412 2201 Quod
1431 2113 1460 2185 si

393 2239 587 2332 ambigitur
606 2240 650 2312 do
669 2240 817 2313 artiliois
836 2239 997 2322 nomine,
1020 2238 1117 2311 haud
1136 2237 1286 2312 dubium
1307 2246 1361 2312 est
1378 2256 1458 2330 por·

393 2366 579 2455 antiquam
601 2383 680 2438 esso
698 2365 858 2456 figlinam
878 2371 1011 2443 artem,
1033 2362 1122 2435 adeo
1140 2370 1180 2435 ut
1199 2363 1308 2435 Varro
1328 2362 1460 2448 Pasite

392 2490 462 2562 lem
482 2489 604 2562 laudet
620 2489 718 2580 quod
736 2488 909 2579 plasticen
932 2494 1081 2558 matrem
1102 2487 1284 2559 statuariae
1301 2487 1460 2577 sculptu-

393 2631 513 2704 raeque
539 2621 574 2686 et
600 2615 776 2687 caelaturae
795 2630 875 2685 esso
899 2611 1030 2684 dixerit
1053 2607 1118 2704 (7).
1149 2609 1251 2698 Quod
1270 2604 1390 2683 autem
1414 2608 1459 2681 ad

425 2914 458 2979 (Ι)
475 2914 595 2977 Luciam,
609 2915 736 2966 Prometh.
751 2930 793 2965 seu
809 2915 925 2977 caucos,
947 2916 983 2965 13.
998 2913 1113 2974 Phacus,
1131 2914 1251 2973 Pab.,1t,
1269 2911 1306 2962 16.
1363 2963 1369 2976 ,

367 3019 368 3025 ’
424 3005 457 3067 (i)
470 3003 589 3066 Hesiod,
607 3005 680 3069 Opes.
694 3011 716 3054 et
730 3005 792 3066 dies,
806 3004 846 3056 70.
861 3005 959 3067 Pheop,
974 3003 1029 3057 570.

426 3093 457 3156 (3)
476 3093 605 3156 humeth,
623 3095 759 3144 Commeat.
778 3097 811 3143 od
828 3097 937 3152 Homer..
954 3094 993 3155 (1.,
1010 3106 1050 3152 xr,
1066 3091 1106 3143 20.
1123 3091 1242 3148 Plinius,
1256 3094 1314 3142 Nat.
1330 3091 1400 3150 hiet,
1414 3104 1458 3150 vrr,

392 3181 432 3242 57,
449 3183 472 3232 i.
489 3181 528 3232 Cf.
546 3183 664 3246 Heuzey,
681 3183 818 3246 catalogue
832 3185 875 3232 dea
888 3183 931 3246 fig.
944 3184 979 3233 du
995 3185 1097 3237 locere,
1113 3180 1133 3242 l,
1150 3194 1175 3244 p.
1197 3180 1251 3231 tlt.

425 3271 458 3333 (l)
473 3270 592 3335 Plinius,
611 3275 670 3323 Nat.
689 3271 769 3336 hist,
789 3285 842 3332 vn,
862 3271 905 3321 198
925 3269 1070 3335 :Figlinas
1090 3270 1212 3334 (invonit)
1229 3266 1358 3320 Ooroebus
1375 3267 1459 3318 Atha·

392 3360 513 3423 niensis;
529 3362 557 3411 in
572 3362 609 3411 iis
620 3365 711 3412 orbem
731 3357 893 3412 Anacharsis
912 3359 1044 3423 Scythes:
1066 3365 1098 3409 ut
1116 3359 1176 3419 alii,
1195 3357 1348 3423 Hyperbius
1366 3355 1459 3408 corin·

393 3449 474 3498 thius.

422 3538 456 3604 (5)
471 3537 587 3601 Plinius,
604 3542 664 3597 lllct.
680 3539 751 3600 hist,
766 3552 846 3600 xxxv,
863 3539 902 3591 tal
918 3559 923 3588 ε
983 3539 1094 3604 Fingere
1109 3553 1142 3588 ex
1156 3539 1250 3602 argilla
1267 3536 1456 3604 similitudines

391 3624 508 3678 Butades
519 3625 663 3690 Sicyonius
675 3629 773 3690 figulus
787 3628 888 3691 primus
901 3628 1004 3678 invenit
1013 3626 1132 3678 Corinthi
1141 3628 1203 3676 filiae
1215 3639 1302 3690 opera,
1312 3636 1373 3688 quae
1385 3628 1462 3686 capta

390 3730 481 3766 amore
492 3718 607 3779 iuvenis,
625 3719 738 3766 abeunte
751 3715 797 3766 illo
811 3721 929 3780 peregre,
946 3720 1066 3767 umbram
1081 3731 1115 3766 cx
1128 3718 1196 3766 facie
1207 3717 1264 3779 ejus
1278 3715 1312 3763 ad
1327 3715 1461 3764 lucernam

392 3805 418 3853 in
431 3805 530 3868 pariete
541 3805 620 3854 lineis
630 3805 853 3868 circumscripsit,
865 3806 961 3867 quibus
975 3810 1047 3867 pater
1057 3807 1114 3868 ejus
1125 3805 1253 3867 impressa
1262 3803 1355 3865 argilla
1369 3805 1462 3864 typum

268 3936 272 3944 .
391 3895 455 3944 tecit
472 3897 574 3958 etcum
591 3894 687 3944 ceteris
699 3895 824 3944 fictilibus
841 3894 994 3955 induratum
1008 3894 1064 3956 igni
1080 3892 1225 3956 proposuit.

311 3974 312 3977 '
421 3983 457 4048 (6)
473 3976 521 4037 lc..
541 3981 606 4032 (δῖε
626 3969 695 4031 Sunt
713 3984 756 4045 qrri
777 3983 803 4031 in
823 3981 902 4032 Samo
920 3983 1020 4046 primos
1033 3981 1161 4031 'omnium
1177 3981 1307 4044 plasticen
1328 3957 1461 4028 invenisse

390 4071 523 4125 Rhoecum
537 4076 564 4122 et
576 4069 744 4134 Theodorum
760 4070 874 4121 tradant.

421 4161 457 4227 (7)
468 4163 517 4223 ld,
538 4161 580 4210 156
596 4181 601 4210 :
620 4160 720 4210 Laudat
735 4158 840 4222 (Varro)
852 4165 878 4208 et
891 4158 1041 4219 Pasitelem,
1060 4160 1104 4223 qui
1118 4158 1246 4223 plasticen
1261 4161 1371 4211 matrem
1386 4130 1460 4204 αεὶ).

392 4254 499 4302 thrae'et
511 4245 861 4314 sutuarite‘scutptuuaeque
874 4248 953 4299 dixit.
1015 4258 1017 4261 ’
1211 4252 1213 4258 ’
1273 4258 1274 4261 ¹
