3246 5234
833 520 990 581 ..98-

375 656 572 747 quemdam
597 668 739 727 ‘suorum
764 662 799 727 et
825 674 995 728 areanum
1023 663 1191 747 poneret,
1218 675 1296 729 eam
1325 665 1441 730 autem

379 800 459 871 queo
479 780 565 852 deos
586 780 680 850 dono
700 786 816 871 grato,
840 781 1093 872 quodcumque
1112 788 1204 863 erat,
1232 782 1346 854 colere
1366 801 1444 854 sua-

379 907 489 988 deret,
508 905 557 977 ita
571 913 610 977 ut
625 905 880 978 diversissimis
899 895 1012 979 rebus
1026 908 1155 997 eoique
1170 908 1290 979 lioeret
1304 909 1370 991 uti,
1388 908 1442 980 vel

378 1032 579 1103 simulacris
600 1031 748 1101 materia
762 1037 824 1102 aut
838 1038 913 1103 arte
930 1032 1253 1122 praestantissimis,
1272 1034 1326 1104 vel
1346 1033 1442 1124 sigil-

376 1157 441 1237 lis,
464 1157 519 1227 vel
546 1155 652 1226 etiam
678 1155 898 1245 quotidianae
917 1156 998 1227 ritae
1019 1145 1270 1229 instrumentis
1291 1165 1325 1229 et
1344 1157 1440 1228 vilis·

377 1281 469 1351 sima
488 1278 720 1370 supellectile.
744 1279 830 1351 lnde
850 1279 958 1351 fiebat
979 1287 1016 1351 ut
1035 1280 1206 1371 pleraque
1224 1287 1305 1352 vota
1324 1281 1369 1352 ad
1388 1281 1440 1372 ip·

377 1423 453 1476 sam
477 1404 637 1475 numinis
664 1410 827 1474 naturam
849 1404 997 1475 minime
1022 1405 1200 1495 pertinere
1220 1405 1459 1508 viderentur.-

376 1530 528 1617 Quodsi
549 1529 668 1620 sigilla
692 1536 829 1601 tantum
853 1529 1142 1613 consideramus,
1165 1530 1254 1620 quid
1274 1530 1439 1602 Minervae
1468 1542 1469 1545 ’

375 1672 454 1724 oum
475 1653 590 1724 leonis
610 1660 644 1724 et
658 1653 803 1744 gryphis
824 1652 948 1744 figuris
971 1650 1048 1747 (ll‘l
1068 1654 1162 1740 Quid
1181 1655 1338 1745 Apollini
1359 1673 1437 1726 oum

375 1778 584 1852 Amorihus,
614 1795 693 1847 oum
726 1777 835 1848 lllatre
863 1777 1034 1859 deorum,
1059 1796 1138 1849 oum
1166 1778 1265 1849 hiroo
1288 1784 1322 1848 et
1349 1778 1438 1850 bove

374 1902 571 1990 ceterisque
591 1901 809 1972 animalibus
835 1897 882 1994 (i)
898 1899 914 1970 ‘l
929 1901 1021 1986 Quid
1047 1902 1157 1974 Musis
1174 1921 1253 1973 oum
1275 1920 1361 1973 sene
1383 1920 1438 1973 oo·

373 2028 487 2109 mioo,
519 2044 597 2096 oum
632 2025 757 2096 Baeohi
788 2043 943 2115 persona
977 2023 1051 2120 (dli

421 2153 471 2222 De
503 2150 630 2242 sigillis
663 2168 807 2240 quoque
842 2151 944 2239 juxta
981 2157 1139 2222 mortuos
1178 2151 1351 2242 depositis
1390 2152 1438 2222 ita

373 2294 411 2348 se
445 2295 501 2347 res
527 2276 646 2347 habet.
689 2277 791 2367 Saepe
828 2274 869 2345 fit
903 2282 943 2346 ut
975 2275 1066 2345 nihil
1096 2275 1330 2366 signllioent,
1366 2275 1436 2346 uisi

371 2401 466 2492 piam
501 2400 665 2472 Manibus
702 2398 942 2471 satisfaciendi
980 2400 1213 2470 voluntatem.
1260 2397 1436 2484 Quemad-

373 2525 518 2596 modum
552 2525 590 2594 in
624 2524 767 2614 templis
795 2523 943 2594 deorum
973 2523 1085 2594 multa
1121 2524 1236 2594 millia
1265 2523 1437 2612 cujusque

372 2651 458 2721 artis
492 2667 599 2739 opera
630 2650 730 2719 nulla
764 2649 858 2718 inter
886 2666 924 2718 se
956 2647 1210 2718 communitate
1238 2647 1436 2738 jungeban-

371 2782 442 2855 tur,
467 2774 537 2843 nisi
558 2772 723 2861 religioso
742 2770 937 2841 dioanlium
957 2771 1105 2860 pietate,
1132 2771 1182 2842 ita
1200 2771 1239 2840 in
1262 2770 1436 2860 sepuleris

372 2898 495 2989 figlina
532 2896 649 2987 sigilla
687 2895 905 2983 coniunctim
954 2895 1147 2966 viventium
1191 2913 1273 2986 erga
1315 2895 1435 2966 Manes

372 3021 605 3093 reverentiam
642 3018 878 3090 testabantur.
936 3019 1061 3089 Omnis
1098 3018 1194 3089 enim
1234 3019 1435 3090 Graecorum

372 3146 495 3237 religio
519 3144 565 3215 ad
585 3142 742 3214 hominis
763 3160 987 3224 mensuram,
1015 3148 1054 3213 ut
1073 3142 1123 3214 ita
1142 3142 1279 3225 dicam,
1301 3160 1436 3213 aooom·

372 3271 549 3342 modator.
576 3272 670 3341 Deus
700 3266 737 3337 in
769 3268 920 3358 templo,
954 3267 1058 3356 quasi
1086 3268 1124 3337 in
1153 3266 1277 3347 domo,
1306 3267 1437 3337 residet

371 3402 478 3484 atque
505 3394 603 3464 omui
630 3392 735 3463 modo
763 3393 928 3462 nituntur
947 3391 1148 3462 sacerdotes
1169 3399 1204 3463 et
1226 3391 1433 3473 adorantes,

371 3525 410 3589 ut
429 3518 550 3588 divina
571 3517 698 3588 domus
724 3516 860 3586 eunetis
889 3514 996 3586 rebus
1016 3515 1229 3586 necessariis
1249 3521 1283 3586 et
1302 3515 1433 3606 pretio·

372 3643 421 3712 sis
441 3640 612 3712 abundet.
636 3642 680 3712 Ut
699 3640 787 3711 deus
807 3639 1018 3729 intemplo,
1041 3639 1091 3709 ita
1110 3639 1357 3710 defunctusiu
1382 3656 1435 3708 se·

370 3767 506 3857 puloro.
528 3767 653 3839 Nonne
673 3764 779 3836 etiam
804 3763 923 3835 videre
943 3770 997 3834 est
1020 3763 1183 3853 sepulcra
1205 3780 1286 3851 quae
1312 3760 1435 3850 templi

401 4023 433 4086 (1)
453 4024 479 4074 C.
497 4020 517 4072 1.
533 4026 619 4084 Attio,
635 4017 779 4082 Koounos,
794 4038 819 4086 p.
835 4017 874 4072 tt.

400 4115 435 4177 (t)
452 4113 585 4168 Homode,
603 4115 716 4178 Compter
731 4115 773 4163 des
788 4115 915 4176 Hitropes.
932 4108 998 4163 nott.
1013 4113 1044 4160 de
1058 4120 1124 4162 corr.
1140 4106 1247 4173 halitu„
1263 4103 1315 4169 Vl,
1332 4125 1356 4173 p.
1376 4106 1431 4157 lto·
1496 4137 1499 4144 ,

372 4201 423 4250 127.
1083 4225 1085 4227 >

402 4291 434 4353 (3)
456 4291 588 4352 Antholop.
606 4293 699 4352 Polou,
714 4307 754 4352 vr,
769 4292 824 4351 308,
840 4292 894 4343 310.
