3270 5244
625 535 786 595 ..11-

171 688 367 762 perpaucos
383 670 550 744 babuerit
568 678 718 763 mystas,
738 674 898 764 Tanagra
911 679 1047 756 autem,
1070 673 1239 763 ignobilis

150 788 319 884 'quidam
340 794 486 868 Boeotiae
504 795 616 878 vicus,
638 801 834 886 mystarum
854 794 1084 869 multitudine
1103 794 1238 886 primas

171 923 290 1007 partes
310 916 524 991 obtinuerit!

221 1041 315 1127 Quid
333 1040 460 1132 plura?
478 1043 577 1115 Nihil
597 1044 704 1116 nobis
724 1045 762 1115 in
782 1046 849 1117 bac
867 1038 1160 1135 interpretatione
1179 1062 1239 1116 sua

172 1172 307 1256 perest,
330 1166 427 1255 quod
445 1167 632 1258 proprium
651 1167 837 1251 iaciamus,
856 1169 989 1260 quippe
1003 1187 1083 1260 quae
1100 1171 1237 1241 nullam

175 1309 194 1363 e
216 1292 324 1363 rebus
344 1291 441 1364 notis
460 1297 570 1382 atque
589 1293 751 1383 probatis
775 1295 849 1366 sive
876 1294 972 1394 apud
991 1295 1144 1385 majores
1164 1295 1239 1366 sive

173 1415 268 1506 apud
296 1422 455 1489 recentes
486 1424 635 1508 usurpet
662 1417 907 1491 auctoritatem
938 1413 1002 1512 (1).
1033 1421 1153 1491 Donec
1181 1436 1238 1491 res

173 1546 271 1612 muta
290 1545 325 1613 et
348 1541 499 1613 obscura
521 1541 627 1612 nobis
647 1542 839 1614 habebitur
863 1561 963 1614 sacra
987 1542 1237 1635 mysteriorum

173 1656 353 1748 doctrina,
375 1665 413 1736 in
433 1665 568 1736 incerta
586 1671 695 1756 atque
714 1665 882 1756 ambigua
900 1684 1057 1758 praeceps
1077 1666 1237 1739 devolve·

175 1794 242 1868 tur,
265 1789 296 1859 si
319 1789 400 1878 quis
426 1807 468 1860 ex
495 1788 619 1861 eadem
649 1788 816 1865 doctrina
836 1789 975 1880 aliquid
994 1789 1040 1861 ad
1059 1788 1235 1881 interpre-

73 1934 76 1939 ·
173 1911 300 1984 tendas
319 1931 377 1984 res
394 1913 562 2003 antiquas
583 1913 748 2005 colligere
763 1913 963 1986 conabitur.
982 1914 1162 1999 Quantum
1177 1932 1237 1986 no·

173 2036 283 2108 cuerit
315 2037 378 2107 illa
407 2037 646 2128 investigandi
673 2037 764 2109 ratio
794 2037 1050 2129 interpretibus
1073 2037 1236 2110 fictilium

173 2179 336 2233 vasorum
359 2159 464 2253 pictis
488 2161 612 2252 figuris
632 2167 860 2243 ornatorum,
884 2168 971 2252 quot
990 2161 1234 2246 incredibilia,

174 2291 259 2375 quot
280 2285 405 2356 inania
430 2285 656 2377 produxerit,
683 2285 780 2357 baud
807 2286 1032 2376 ignoramus;
1055 2304 1122 2357 nec
1146 2287 1235 2357 mibi

173 2407 239 2479 soli
252 2408 455 2499 displicuit,
473 2409 536 2481 sed
551 2408 735 2481 doctorum
754 2415 1065 2500 spectatoremque
1079 2409 1235 2481 virorum

174 2531 335 2622 opinioni
357 2534 547 2616 assentior,
569 2535 631 2624 qui
652 2532 775 2606 omnia
792 2531 855 2604 illa
874 2539 1083 2624 argumenta
1101 2552 1120 2605 e
1141 2551 1236 2624 mys-

176 2657 271 2730 teriis
287 2657 438 2731 deducta
454 2685 468 2722 r
485 2659 626 2731 somnia
641 2685 656 2724 a
671 2659 789 2732 dicere
805 2677 878 2730 non
895 2657 1149 2731 dubitaverunt
1168 2656 1178 2752 (
1204 2655 1232 2751 ).

205 2911 236 2974 (i)
256 2909 332 2962 Hane
345 2925 448 2976 quoque
460 2913 611 2976 opinionem
626 2913 785 2979 improbavit
798 2912 918 2975 Heuzey‚
934 2914 1093 2964 1111111111
1109 2926 1179 2976 precs
1188 2926 1235 2976 pu·

173 2999 233 3049 blida
248 3012 297 3063 pur
309 2999 483 3051 i'ossociotioa
496 3015 562 3065 poor
576 3001 804 3066 t'enoourcpemeot
822 3003 865 3050 der
888 3003 973 3052 11111
993 3015 1130 3064 praepares,
1156 3001 1235 3062 1874,

173 3102 197 3150 p.
214 3088 249 3138 13.
264 3086 303 3139 Cf.
319 3090 433 3152 Append.
450 3089 492 3152 (7).

204 3176 235 3240 (1)
256 3176 293 3227 ite
308 3176 406 3239 witto,
432 3177 775 3239 6111111131111-111,
800 3178 939 3229 decembre
963 3177 1038 3239 1862,
1063 3193 1089 3242 p.
1114 3177 1167 3226 531.
1192 3174 1232 3226 Of.

173 3266 286 3330 Append.
299 3265 342 3331 (8).
