3270 5244
818 500 978 564 -40-

268 675 270 683 ·
365 642 595 715 undumost
620 641 785 714 eumdem
809 649 890 732 post
917 648 1067 714 mortem
1093 640 1259 733 pluribus
1283 639 1430 711 deorum

364 763 572 836 nominibus
592 764 703 837 luisse
720 772 977 843 consecratum.

415 889 488 960 lloc
507 888 663 979 denique
682 889 899 980 quibusdam
920 889 1065 980 placuit,
1088 906 1130 960 ea
1144 906 1224 961 esse
1242 885 1367 978 figlina
1384 882 1432 957 si·

365 1014 449 1107 gilla
468 1032 549 1104 quae
579 1014 736 1088 defuncti
763 1016 1004 1088 conditionem
1033 1013 1293 1106 significarent,
1321 1011 1372 1083 ita
1393 1015 1435 1082 ut

366 1154 445 1209 cum
466 1136 587 1227 pueris
613 1137 764 1227 puerilia
787 1138 994 1219 simulacra,
1023 1155 1103 1210 cum
1129 1135 1213 1207 viris
1244 1132 1432 1206 hominum

366 1267 401 1333 ct
418 1261 567 1333 deorum
587 1261 780 1353 imagines,
807 1281 886 1333 cum
907 1262 1051 1334 feminis
1063 1261 1219 1333 dearum
1247 1266 1282 1332 et
1301 1257 1431 1329 mulie·

367 1404 445 1457 rum
472 1384 595 1477 figurae
614 1386 852 1477 sepelirentur
874 1384 938 1482 (1).
967 1389 1044 1458 lam
1072 1393 1177 1458 antea
1200 1383 1433 1476 exposuimus

367 1526 448 1581 eum
464 1507 631 1581 facillime
641 1522 781 1594 errare,
801 1511 831 1581 si
852 1509 934 1600 quis
955 1528 1011 1582 res
1031 1509 1200 1581 funebres
1216 1509 1254 1581 in
1277 1505 1433 1579 arctissi-

367 1648 462 1701 mam
498 1631 707 1703 contrahere
732 1632 845 1723 legem
877 1638 912 1704 et
941 1632 1045 1703 certis
1073 1630 1208 1702 finibus
1241 1628 1435 1701 terminare

367 1755 507 1827 nititur.
532 1755 644 1840 Quam
664 1756 710 1827 cb
731 1774 873 1828 causam
895 1756 979 1828 huic
997 1754 1160 1846 opinioni
1184 1773 1258 1827 non
1282 1754 1437 1825 libenter

367 1879 607 1953 assentiemur
633 1903 641 1949 ε
669 1898 750 1970 quae
771 1885 892 1951 tamen
919 1897 962 1951 ex
989 1877 1089 1949 inani
1119 1878 1274 1968 quadam
1300 1875 1436 1966 conjec-

368 2006 451 2072 tura
467 2018 540 2072 non
562 2001 707 2092 pendet.
730 2001 768 2073 Si
793 2001 875 2091 quis
903 2001 999 2073 enim
1019 2007 1183 2074 accurata
1208 1997 1437 2090 indagatione

369 2102 533 2215 sepulcra
551 2126 680 2217 sigillis
706 2126 834 2198 referta
854 2126 1088 2208 scrutabitur,
1110 2125 1208 2198 haud
1228 2124 1338 2198 semel
1360 2123 1437 2194 ani-

370 2247 564 2322 madvertet
582 2247 736 2341 puerilia
754 2249 951 2340 praesertim
964 2249 1068 2340 Juxta
1084 2266 1229 2340 pueros,
1247 2247 1438 2320 muliebria

367 2372 470 2463 juxta
499 2373 668 2446 mulieres
692 2375 809 2465 iacere
824 2374 1025 2446 simulacra
1054 2370 1119 2468 (1).
1155 2374 1258 2461 Quod
1291 2373 1436 2465 quidem
1483 2360 1484 2363 ‘

370 2496 582 2584 nonnullam
602 2496 803 2568 Graecorum
827 2497 1045 2568 voluntatem
1071 2495 1261 2568 ostendere
1282 2494 1434 2578 videtur,

371 2636 442 2710 qua
455 2619 702 2711 imagunculas
718 2621 765 2693 ad
779 2622 896 2712 ipsam
912 2620 1153 2694 conditionem
1169 2628 1278 2711 atque
1296 2613 1437 2693 aetatem

371 2741 529 2815 defuncti
547 2744 816 2816 accommodare
843 2742 1021 2816 solebant.
1051 2743 1132 2815 Noli
1157 2748 1276 2815 autem
1295 2742 1438 2815 credere

371 2865 440 2939 boc
472 2867 595 2940 nescio
624 2885 696 2958 quo
721 2868 803 2958 jure
832 2886 931 2939 sacro
957 2873 1073 2939 ratum
1099 2875 1208 2958 atque
1232 2867 1438 2940 institutum

373 2989 485 3062 fuisse
506 3014 514 3061 ι
533 2998 618 3062 sunt
637 2990 734 3063 enim
755 2992 918 3083 sepulcra
937 3010 1018 3082 quae
1035 2992 1205 3082 puerilia,
1227 2989 1435 3075 muliebria,

371 3112 489 3185 virilia
503 3114 611 3186 simul
627 3116 818 3186 commixta
833 3114 1017 3205 praebeant
1033 3115 1236 3187 simulacra.
1248 3117 1435 3198 Praeterea,

371 3238 403 3310 si
419 3256 462 3311 ex
476 3237 539 3310 illo
554 3238 767 3311 documento
780 3239 920 3329 aliquid
934 3239 1080 3311 affertur
1094 3239 1139 3312 de
1153 3258 1223 3312 usu
1239 3239 1437 3331 sigillorum

371 3362 467 3454 apud
485 3363 643 3446 Graecos,
666 3362 755 3452 quid
774 3361 857 3434 novi
881 3362 1075 3454 accipimus
1095 3363 1140 3436 de
1159 3381 1282 3436 eorum
1302 3363 1439 3455 origine

372 3491 408 3557 et
427 3484 471 3557 de
490 3503 602 3558 sensu
620 3483 784 3558 funebri?
809 3488 895 3571 Quae
921 3504 978 3558 res
1006 3485 1136 3560 Graecis
1164 3486 1355 3578 placuerit,
1382 3486 1436 3560 ri·

372 3608 457 3693 deo;
482 3627 590 3701 quam
610 3610 656 3681 ob
676 3628 819 3683 causam
838 3609 1029 3702 placuerit,
1054 3629 1127 3683 non
1146 3611 1321 3704 intelligo.
1341 3612 1438 3685 Nihil

372 3732 481 3824 igitur
507 3732 632 3806 auxilii
661 3733 708 3805 ad
738 3733 873 3806 nodum
902 3733 1165 3826 expediendum
1190 3753 1239 3824 eux
1256 3735 1319 3808 illo
1340 3735 1439 3810 testi-

403 3985 438 4049 (l)
454 3982 576 4044 mancia,
594 3989 707 4050 Cypros,
726 3987 857 4048 hommes,
876 3987 949 4052 1871,
963 4003 988 4052 p.
1003 3988 1043 4040 93.
1058 3987 1098 4041 Of.
1111 3988 1230 4054 Heuzey‚
1246 3989 1384 4054 cambuca
1397 3991 1440 4043 der

372 4072 495 4136 murinco
510 4074 670 4138 cellewarde
688 4077 835 4127 terre-culte
848 4078 884 4129 du
902 4078 983 4129 luade
996 4079 1032 4128 du
1048 4080 1157 4142 moero,
1174 4080 1199 4141 1,
1221 4094 1247 4143 p.
1265 4078 1356 4145 lu-lt,
1380 4078 1440 4130 112-

373 4158 427 4214 tlt.
944 4178 946 4181 ·

404 4249 492 4316 (1)(11.
509 4252 576 4304 Bell.
589 4254 621 4305 de
632 4267 697 4306 corr.
713 4253 814 4317 bobert,
828 4266 865 4318 vl,
879 4269 906 4321 p·
923 4255 1037 4310 los-lli.
