3270 5244
596 621 756 683 ..27-

143 760 245 853 ligio,
270 761 392 835 Manes
419 778 499 834 esse
526 758 631 842 deos,
662 758 713 833 ita
744 765 784 832 nl
810 759 928 853 sigilla
952 759 991 832 in
1028 760 1210 851 exsequiis

144 892 421 979 usurparentur,
446 904 519 957 non
544 885 660 956 solum
686 903 766 975 quae
795 883 980 957 defunctos
1009 891 1207 968 tuerentur,

145 1011 208 1084 sed
226 1028 307 1102 quae
321 1009 465 1083 eosdem
480 1009 682 1083 viventibus
697 1009 833 1081 laustos
849 1015 883 1082 oi
897 1010 1072 1103 propitios
1087 1008 1210 1082 redde·

144 1142 236 1208 reni.
255 1136 402 1208 Constat
420 1141 539 1208 autem
556 1141 637 1207 vota
651 1133 721 1206 diis
741 1141 944 1207 consecrata
962 1154 1036 1208 non
1055 1154 1097 1208 ea
1113 1154 1205 1219 esse,

144 1279 224 1352 quae
243 1279 307 1355 per
329 1279 368 1333 so
391 1260 597 1350 religiosum
619 1265 654 1332 et
671 1259 890 1350 praefinitum
916 1260 1108 1334 habuerint
1127 1279 1208 1336 sen·

143 1406 241 1469 sum;
264 1385 455 1458 simulacra
474 1385 648 1475 cujusquo
667 1385 821 1475 generis
841 1384 1085 1458 diversissima
1104 1403 1208 1458 orna·

143 1515 280 1594 menta,
310 1508 484 1582 vilissima
515 1508 621 1581 eliam
646 1508 802 1600 reperire
829 1517 882 1593 esi
907 1509 1147 1584 instrumenta
1170 1511 1208 1581 in

144 1634 291 1707 deorum
312 1634 469 1725 templis.
493 1633 597 1706 Haud
615 1634 719 1705 allier
743 1651 781 1705 se
802 1652 859 1706 ros
878 1633 986 1707 babet
1005 1634 1043 1706 in
1063 1633 1209 1708 deiunc-

142 1766 259 1832 torum
294 1759 405 1832 cultu.
441 1759 482 1829 ln
516 1759 678 1851 sepulcro
708 1758 937 1850 deponuntur
976 1758 1098 1832 omnia
1129 1759 1210 1832 vitae

142 1885 403 1968 instrumonla;
422 1883 652 1975 deponuntur
674 1901 819 1973 quoque
834 1883 973 1974 sigilla:
992 1883 1209 1956 haecomnia

141 2009 306 2084 Manibus
326 2017 419 2083 vota.
451 2008 549 2083 Nibil
571 2007 721 2100 impedit
740 2008 829 2098 quin
853 2008 926 2081 sint
951 2008 1079 2081 babitu
1098 2015 1133 2081 ol
1151 2027 1207 2081 as·

141 2140 245 2226 peciu
270 2132 530 2216 diversissima,
560 2132 648 2222 quin
671 2151 728 2204 res
759 2133 956 2214 humanas,
992 2151 1049 2205 res
1078 2132 1208 2225 mythi-

141 2276 200 2332 cas
226 2257 438 2348 divinasque
465 2257 679 2348 exprimant.
702 2257 877 2346 Pleraque
903 2255 1000 2329 enim
1020 2256 1206 2329 funebrem

142 2388 307 2466 sensum,
328 2401 402 2455 non
422 2402 443 2454 a
461 2380 595 2454 lictoris
611 2381 811 2464 voluntale,
835 2380 934 2453 seda
953 2379 1105 2453 dicentis
1125 2380 1206 2453 reli·

140 2507 244 2599 gione
276 2505 498 2598 accipiebant
531 2503 595 2601 (l).
615 2504 733 2592 duod
761 2504 907 2596 quidem
938 2505 976 2577 in
1008 2505 1206 2596 posteriore

141 2631 304 2723 opusculi
323 2636 423 2724 parte
441 2630 608 2723 plurimis
629 2637 663 2703 ei
679 2631 852 2703 accuratis
867 2629 1087 2722 argumentis
1103 2648 1207 2720 erpo·

144 2754 303 2828 nendum
324 2754 403 2830 erit.
1082 2779 1083 2782 Ν

174 3009 207 3073 (l)
222 3008 251 3057 ln
265 3010 334 3080 banc
349 3022 452 3072 quoque
466 3010 625 3060 sententiam
641 3008 750 3073 Heuzey
764 3010 871 3060 videtur
884 3010 1039 3070 inclinasse,
1053 3009 1086 3058 de
1100 3008 1205 3058 Pboeni-

139 3096 189 3146 ciis
205 3097 300 3162 sigillis
313 3096 447 3147 disserens
462 3099 489 3146 in
505 3098 622 3148 sacrario
637 3112 804 3162 quocumque
824 3099 987 3163 deponendis
1002 3084 1148 3160 (Golalopcc
1162 3097 1205 3147 des

139 3184 261 3249 floorincs
272 3186 391 3250 antiques
403 3185 438 3236 dc
453 3188 533 3236 llcscc
546 3187 580 3238 du
597 3189 700 3249 maore,
717 3202 741 3250 p.
759 3187 798 3250 73)
820 3208 826 3236 ι
843 3187 1055 3239 r-L'atlribution
1068 3187 1205 3236 definitive
1256 3219 1257 3222 κ

139 3275 249 3337 pouvail
263 3275 320 3325 dtre
335 3275 397 3326 faite
409 3277 496 3327 moins
511 3291 557 3340 per
574 3278 598 3326 la
615 3279 687 3327 main
700 3278 733 3328 de
748 3277 874 3328 l'ouvrier
888 3291 923 3327 ou
940 3290 987 3340 par
1001 3278 1025 3325 la
1038 3275 1204 3338 designallon

142 3362 178 3413 du
197 3364 355 3420 marchand,
370 3378 422 3428 que
435 3379 482 3428 par
501 3365 526 3414 la
547 3367 653 3417 nolonte
673 3366 709 3415 du
724 3366 818 3421 dovor,
838 3365 883 3428 qui
902 3364 1049 3415 consacrait
1069 3363 1204 3426 l'imagea

140 3463 193 3499 une
209 3450 303 3502 deesse
321 3452 498 3515 particuliere.
515 3472 527 3499 »
544 3452 600 3503 Nos
620 3455 725 3518 quidem
740 3469 796 3504 rem
812 3454 891 3517 paulo
906 3453 1010 3515 longius
1025 3451 1143 3515 prolerre
1158 3463 1204 3500 vo·

139 3538 246 3595 lumus,
263 3540 300 3589 ita
313 3543 343 3590 ut
356 3541 427 3602 apud
441 3542 566 3605 antiquos
582 3557 636 3594 non
652 3545 737 3592 solnm
750 3545 777 3592 in
793 3555 960 3606 quocumque
976 3540 1099 3600 sacrario,
1114 3538 1204 3589 sedin

141 3640 307 3691 quocumque
319 3630 390 3688 loco,
408 3630 435 3679 in
451 3632 566 3694 templis,
580 3633 607 3680 in
621 3633 734 3695 aedibus,
749 3634 777 3682 in
793 3632 922 3696 sepulcris
936 3630 1026 3680 ecdem
1040 3629 1096 3678 sine
1110 3628 1203 3679 discri-

141 3714 213 3764 mine
227 3716 315 3781 sigilla
326 3716 457 3782 deponere
471 3719 585 3772 licuerit.
