<?xml version="1.0" encoding="UTF-8"?>
<!DOCTYPE html PUBLIC "-//W3C//DTD XHTML 1.0 Transitional//EN"
    "http://www.w3.org/TR/xhtml1/DTD/xhtml1-transitional.dtd">
<html xmlns="http://www.w3.org/1999/xhtml" xml:lang="en" lang="en">
 <head>
  <title>
</title>
<meta http-equiv="Content-Type" content="text/html;charset=utf-8" />
  <meta name='ocr-system' content='tesseract 3.04.00' />
  <meta name='ocr-capabilities' content='ocr_page ocr_carea ocr_par ocr_line ocrx_word'/>
</head>
<body>
  <div class='ocr_page' id='page_1' title='image "./quamobcausamgra00pottgoog_0069.png"; bbox 0 0 3246 5234; ppageno 0'>
   <div class='ocr_carea' id='block_1_1' title="bbox 831 535 990 596">
    <p class='ocr_par' dir='ltr' id='par_1_1' title="bbox 831 535 990 596">
     <span class='ocr_line' id='line_1_1' title="bbox 831 535 990 596; baseline 0 -14"><span class='ocrx_word' id='word_1_1' title='bbox 831 535 990 596; x_wconf 79' lang='grc'><strong>..58-</strong></span> 
     </span>
    </p>
   </div>
   <div class='ocr_carea' id='block_1_2' title="bbox 291 669 1450 2878">
    <p class='ocr_par' dir='ltr' id='par_1_2' title="bbox 291 669 1450 2878">
     <span class='ocr_line' id='line_1_2' title="bbox 382 669 1443 766; baseline -0.006 -17"><span class='ocrx_word' id='word_1_2' title='bbox 382 674 566 757; x_wconf 80' lang='lat' dir='ltr'>dicuntur,</span> <span class='ocrx_word' id='word_1_3' title='bbox 587 674 689 747; x_wconf 83' lang='lat' dir='ltr'>tertis</span> <span class='ocrx_word' id='word_1_4' title='bbox 709 680 817 766; x_wconf 84' lang='lat' dir='ltr'>atque</span> <span class='ocrx_word' id='word_1_5' title='bbox 841 671 928 745; x_wconf 84' lang='lat' dir='ltr'>loeis</span> <span class='ocrx_word' id='word_1_6' title='bbox 954 671 1101 765; x_wconf 79' lang='lat' dir='ltr'>privatis</span> <span class='ocrx_word' id='word_1_7' title='bbox 1125 669 1443 766; x_wconf 68' lang='lat' dir='ltr'>praesidentesdi.</span> 
     </span>
     <span class='ocr_line' id='line_1_3' title="bbox 383 795 1447 890; baseline -0.002 -18"><span class='ocrx_word' id='word_1_8' title='bbox 383 801 557 873; x_wconf 89' lang='lat' dir='ltr'>Praeterea</span> <span class='ocrx_word' id='word_1_9' title='bbox 574 798 770 890; x_wconf 90' lang='lat' dir='ltr'>plurimum</span> <span class='ocrx_word' id='word_1_10' title='bbox 790 815 869 870; x_wconf 90' lang='lat' dir='ltr'>oera</span> <span class='ocrx_word' id='word_1_11' title='bbox 886 797 945 870; x_wconf 91' lang='lat' dir='ltr'>usi</span> <span class='ocrx_word' id='word_1_12' title='bbox 965 803 1050 870; x_wconf 91' lang='lat' dir='ltr'>sunt</span> <span class='ocrx_word' id='word_1_13' title='bbox 1069 796 1209 870; x_wconf 80' lang='lat' dir='ltr'>fictores</span> <span class='ocrx_word' id='word_1_14' title='bbox 1229 797 1268 868; x_wconf 92' lang='lat' dir='ltr'>in</span> <span class='ocrx_word' id='word_1_15' title='bbox 1285 795 1354 869; x_wconf 85' lang='lat' dir='ltr'>bae</span> <span class='ocrx_word' id='word_1_16' title='bbox 1370 802 1447 870; x_wconf 91' lang='lat' dir='ltr'>arte</span> 
     </span>
     <span class='ocr_line' id='line_1_4' title="bbox 383 918 1446 1016; baseline -0.005 -19"><span class='ocrx_word' id='word_1_17' title='bbox 383 940 464 1016; x_wconf 85' lang='lat' dir='ltr'>quae</span> <span class='ocrx_word' id='word_1_18' title='bbox 482 921 677 995; x_wconf 86' lang='lat' dir='ltr'>viventium</span> <span class='ocrx_word' id='word_1_19' title='bbox 696 920 952 995; x_wconf 80' lang='lat' dir='ltr'>similitudines</span> <span class='ocrx_word' id='word_1_20' title='bbox 975 921 1197 1013; x_wconf 80' lang='lat' dir='ltr'>exprimebat</span> <span class='ocrx_word' id='word_1_21' title='bbox 1218 945 1226 992; x_wconf 91' lang='lat'><strong>:</strong></span> <span class='ocrx_word' id='word_1_22' title='bbox 1250 921 1348 1013; x_wconf 86' lang='lat' dir='ltr'>quod</span> <span class='ocrx_word' id='word_1_23' title='bbox 1367 918 1446 1012; x_wconf 86' lang='lat' dir='ltr'>qui·</span> 
     </span>
     <span class='ocr_line' id='line_1_5' title="bbox 382 1045 1448 1138; baseline -0.003 -18"><span class='ocrx_word' id='word_1_24' title='bbox 382 1045 463 1120; x_wconf 89' lang='lat' dir='ltr'>dem</span> <span class='ocrx_word' id='word_1_25' title='bbox 482 1046 673 1120; x_wconf 79' lang='lat' dir='ltr'>artificium</span> <span class='ocrx_word' id='word_1_26' title='bbox 689 1046 889 1138; x_wconf 89' lang='lat' dir='ltr'>antiquitus</span> <span class='ocrx_word' id='word_1_27' title='bbox 908 1045 1093 1119; x_wconf 87' lang='lat' dir='ltr'>inventum</span> <span class='ocrx_word' id='word_1_28' title='bbox 1113 1065 1135 1118; x_wconf 91' lang='lat' dir='ltr'>a</span> <span class='ocrx_word' id='word_1_29' title='bbox 1154 1045 1362 1137; x_wconf 91' lang='lat' dir='ltr'>Lysistrato,</span> <span class='ocrx_word' id='word_1_30' title='bbox 1385 1046 1448 1137; x_wconf 87' lang='lat' dir='ltr'>Ly·</span> 
     </span>
     <span class='ocr_line' id='line_1_6' title="bbox 382 1167 1443 1265; baseline -0.003 -20"><span class='ocrx_word' id='word_1_31' title='bbox 382 1171 477 1263; x_wconf 93' lang='lat' dir='ltr'>sippi</span> <span class='ocrx_word' id='word_1_32' title='bbox 496 1169 616 1258; x_wconf 80' lang='lat' dir='ltr'>tratre,</span> <span class='ocrx_word' id='word_1_33' title='bbox 635 1170 788 1244; x_wconf 76' lang='lat' dir='ltr'>traditur</span> <span class='ocrx_word' id='word_1_34' title='bbox 810 1167 985 1265; x_wconf 64' lang='lat' dir='ltr'>(ttlnde</span> <span class='ocrx_word' id='word_1_35' title='bbox 999 1176 1084 1243; x_wconf 90' lang='lat' dir='ltr'>nata</span> <span class='ocrx_word' id='word_1_36' title='bbox 1098 1177 1183 1243; x_wconf 91' lang='lat' dir='ltr'>sunt</span> <span class='ocrx_word' id='word_1_37' title='bbox 1200 1186 1301 1242; x_wconf 86' lang='lat' dir='ltr'>oerea</span> <span class='ocrx_word' id='word_1_38' title='bbox 1315 1167 1443 1260; x_wconf 83' lang='lat' dir='ltr'>capita,</span> 
     </span>
     <span class='ocr_line' id='line_1_7' title="bbox 383 1295 1445 1389; baseline -0.004 -19"><span class='ocrx_word' id='word_1_39' title='bbox 383 1314 464 1389; x_wconf 84' lang='lat' dir='ltr'>quae</span> <span class='ocrx_word' id='word_1_40' title='bbox 479 1297 654 1389; x_wconf 73' lang='lat' dir='ltr'>cuiusque</span> <span class='ocrx_word' id='word_1_41' title='bbox 668 1296 781 1370; x_wconf 85' lang='lat' dir='ltr'>oeulis</span> <span class='ocrx_word' id='word_1_42' title='bbox 793 1296 1043 1388; x_wconf 91' lang='lat' dir='ltr'>proponebant</span> <span class='ocrx_word' id='word_1_43' title='bbox 1058 1295 1204 1369; x_wconf 90' lang='lat' dir='ltr'>dileotos</span> <span class='ocrx_word' id='word_1_44' title='bbox 1216 1301 1445 1387; x_wconf 76' lang='lat' dir='ltr'>cognatorum</span> 
     </span>
     <span class='ocr_line' id='line_1_8' title="bbox 383 1419 1446 1513; baseline -0.006 -17"><span class='ocrx_word' id='word_1_45' title='bbox 383 1428 445 1496; x_wconf 89' lang='lat' dir='ltr'>aut</span> <span class='ocrx_word' id='word_1_46' title='bbox 465 1420 660 1494; x_wconf 84' lang='lat' dir='ltr'>amicorum</span> <span class='ocrx_word' id='word_1_47' title='bbox 680 1421 822 1505; x_wconf 81' lang='lat' dir='ltr'>rultns3</span> <span class='ocrx_word' id='word_1_48' title='bbox 851 1420 937 1493; x_wconf 90' lang='lat' dir='ltr'>inde</span> <span class='ocrx_word' id='word_1_49' title='bbox 953 1422 1129 1513; x_wconf 86' lang='lat' dir='ltr'>majorum</span> <span class='ocrx_word' id='word_1_50' title='bbox 1149 1419 1343 1512; x_wconf 80' lang='lat' dir='ltr'>imagines,</span> <span class='ocrx_word' id='word_1_51' title='bbox 1366 1436 1446 1509; x_wconf 85' lang='lat' dir='ltr'>quae</span> 
     </span>
     <span class='ocr_line' id='line_1_9' title="bbox 383 1544 1448 1635; baseline -0.005 -17"><span class='ocrx_word' id='word_1_52' title='bbox 383 1546 423 1618; x_wconf 92' lang='lat' dir='ltr'>in</span> <span class='ocrx_word' id='word_1_53' title='bbox 456 1545 611 1619; x_wconf 79' lang='lat' dir='ltr'>sacrario</span> <span class='ocrx_word' id='word_1_54' title='bbox 645 1564 725 1618; x_wconf 87' lang='lat' dir='ltr'>enm</span> <span class='ocrx_word' id='word_1_55' title='bbox 753 1544 903 1618; x_wconf 84' lang='lat' dir='ltr'>Laribus</span> <span class='ocrx_word' id='word_1_56' title='bbox 929 1544 1157 1635; x_wconf 90' lang='lat' dir='ltr'>ponebantur</span> <span class='ocrx_word' id='word_1_57' title='bbox 1185 1544 1285 1617; x_wconf 91' lang='lat' dir='ltr'>etin</span> <span class='ocrx_word' id='word_1_58' title='bbox 1315 1559 1448 1634; x_wconf 91' lang='lat' dir='ltr'>pompa</span> 
     </span>
     <span class='ocr_line' id='line_1_10' title="bbox 383 1667 1447 1759; baseline -0.006 -17"><span class='ocrx_word' id='word_1_59' title='bbox 383 1667 525 1742; x_wconf 78' lang='lat' dir='ltr'>funebri</span> <span class='ocrx_word' id='word_1_60' title='bbox 546 1667 789 1752; x_wconf 79' lang='lat' dir='ltr'>ducebantur3</span> <span class='ocrx_word' id='word_1_61' title='bbox 809 1686 876 1740; x_wconf 86' lang='lat' dir='ltr'>nes</span> <span class='ocrx_word' id='word_1_62' title='bbox 899 1687 1017 1742; x_wconf 86' lang='lat' dir='ltr'>oereas</span> <span class='ocrx_word' id='word_1_63' title='bbox 1043 1669 1158 1740; x_wconf 85' lang='lat' dir='ltr'>larvas</span> <span class='ocrx_word' id='word_1_64' title='bbox 1176 1667 1447 1759; x_wconf 86' lang='lat' dir='ltr'>praetermittere</span> 
     </span>
     <span class='ocr_line' id='line_1_11' title="bbox 383 1789 1448 1884; baseline -0.006 -17"><span class='ocrx_word' id='word_1_65' title='bbox 383 1792 495 1875; x_wconf 87' lang='lat' dir='ltr'>deoet,</span> <span class='ocrx_word' id='word_1_66' title='bbox 514 1812 595 1884; x_wconf 84' lang='lat' dir='ltr'>quae</span> <span class='ocrx_word' id='word_1_67' title='bbox 614 1792 729 1884; x_wconf 89' lang='lat' dir='ltr'>ipsam</span> <span class='ocrx_word' id='word_1_68' title='bbox 749 1792 996 1866; x_wconf 82' lang='lat' dir='ltr'>detunctorum</span> <span class='ocrx_word' id='word_1_69' title='bbox 1013 1793 1138 1865; x_wconf 84' lang='lat' dir='ltr'>taciem</span> <span class='ocrx_word' id='word_1_70' title='bbox 1154 1791 1380 1882; x_wconf 76' lang='lat' dir='ltr'>obvelabant,</span> <span class='ocrx_word' id='word_1_71' title='bbox 1398 1789 1448 1862; x_wconf 91' lang='lat' dir='ltr'>ita</span> 
     </span>
     <span class='ocr_line' id='line_1_12' title="bbox 382 1911 1447 2011; baseline -0.005 -21"><span class='ocrx_word' id='word_1_72' title='bbox 382 1924 422 1990; x_wconf 90' lang='lat' dir='ltr'>ut</span> <span class='ocrx_word' id='word_1_73' title='bbox 440 1917 634 1989; x_wconf 84' lang='lat' dir='ltr'>virentium</span> <span class='ocrx_word' id='word_1_74' title='bbox 655 1916 808 2008; x_wconf 84' lang='lat' dir='ltr'>speeiem</span> <span class='ocrx_word' id='word_1_75' title='bbox 833 1916 969 1990; x_wconf 89' lang='lat' dir='ltr'>diutius</span> <span class='ocrx_word' id='word_1_76' title='bbox 989 1917 1185 1989; x_wconf 88' lang='lat' dir='ltr'>retinerent</span> <span class='ocrx_word' id='word_1_77' title='bbox 1207 1911 1271 2011; x_wconf 76' lang='grc'><strong>(5).</strong></span> <span class='ocrx_word' id='word_1_78' title='bbox 1294 1916 1447 2005; x_wconf 86' lang='lat' dir='ltr'>Tempus</span> 
     </span>
     <span class='ocr_line' id='line_1_13' title="bbox 382 2038 1449 2136; baseline -0.004 -24"><span class='ocrx_word' id='word_1_79' title='bbox 382 2046 501 2113; x_wconf 89' lang='lat' dir='ltr'>autem</span> <span class='ocrx_word' id='word_1_80' title='bbox 530 2059 598 2112; x_wconf 93' lang='lat' dir='ltr'>nos</span> <span class='ocrx_word' id='word_1_81' title='bbox 622 2039 784 2126; x_wconf 90' lang='lat' dir='ltr'>delioiat,</span> <span class='ocrx_word' id='word_1_82' title='bbox 814 2038 845 2112; x_wconf 93' lang='lat' dir='ltr'>si</span> <span class='ocrx_word' id='word_1_83' title='bbox 871 2058 1049 2136; x_wconf 82' lang='lat' dir='ltr'>exponere</span> <span class='ocrx_word' id='word_1_84' title='bbox 1076 2038 1334 2112; x_wconf 77' lang='lat' dir='ltr'>contendamus</span> <span class='ocrx_word' id='word_1_85' title='bbox 1362 2043 1449 2129; x_wconf 90' lang='lat' dir='ltr'>quot</span> 
     </span>
     <span class='ocr_line' id='line_1_14' title="bbox 383 2161 1449 2259; baseline -0.004 -21"><span class='ocrx_word' id='word_1_86' title='bbox 383 2184 504 2259; x_wconf 89' lang='lat' dir='ltr'>opera,</span> <span class='ocrx_word' id='word_1_87' title='bbox 528 2173 615 2258; x_wconf 90' lang='lat' dir='ltr'>quot</span> <span class='ocrx_word' id='word_1_88' title='bbox 635 2166 887 2249; x_wconf 90' lang='lat' dir='ltr'>instrumenta,</span> <span class='ocrx_word' id='word_1_89' title='bbox 906 2171 993 2257; x_wconf 88' lang='lat' dir='ltr'>quot</span> <span class='ocrx_word' id='word_1_90' title='bbox 1010 2169 1220 2238; x_wconf 89' lang='lat' dir='ltr'>ornamenta</span> <span class='ocrx_word' id='word_1_91' title='bbox 1234 2181 1253 2236; x_wconf 92' lang='lat' dir='ltr'>e</span> <span class='ocrx_word' id='word_1_92' title='bbox 1269 2181 1348 2236; x_wconf 90' lang='lat' dir='ltr'>eera</span> <span class='ocrx_word' id='word_1_93' title='bbox 1367 2161 1449 2235; x_wconf 87' lang='lat' dir='ltr'>fieta</span> 
     </span>
     <span class='ocr_line' id='line_1_15' title="bbox 383 2289 1445 2384; baseline -0.004 -19"><span class='ocrx_word' id='word_1_94' title='bbox 383 2291 456 2365; x_wconf 90' lang='lat' dir='ltr'>sint</span> <span class='ocrx_word' id='word_1_95' title='bbox 485 2317 494 2364; x_wconf 73' lang='grc' dir='ltr'><strong>ε</strong></span> <span class='ocrx_word' id='word_1_96' title='bbox 523 2294 628 2384; x_wconf 90' lang='lat' dir='ltr'>plura</span> <span class='ocrx_word' id='word_1_97' title='bbox 654 2292 729 2365; x_wconf 92' lang='lat' dir='ltr'>sint</span> <span class='ocrx_word' id='word_1_98' title='bbox 759 2291 971 2383; x_wconf 79' lang='lat' dir='ltr'>explicanda</span> <span class='ocrx_word' id='word_1_99' title='bbox 996 2292 1040 2364; x_wconf 93' lang='lat' dir='ltr'>de</span> <span class='ocrx_word' id='word_1_100' title='bbox 1068 2291 1227 2374; x_wconf 90' lang='lat' dir='ltr'>ooronis,</span> <span class='ocrx_word' id='word_1_101' title='bbox 1251 2289 1445 2372; x_wconf 88' lang='lat' dir='ltr'>lruotibus,</span> 
     </span>
     <span class='ocr_line' id='line_1_16' title="bbox 382 2413 1450 2506; baseline -0.004 -18"><span class='ocrx_word' id='word_1_102' title='bbox 382 2415 615 2498; x_wconf 90' lang='lat' dir='ltr'>animalibus,</span> <span class='ocrx_word' id='word_1_103' title='bbox 630 2415 858 2499; x_wconf 82' lang='lat' dir='ltr'>latrunculis,</span> <span class='ocrx_word' id='word_1_104' title='bbox 871 2413 996 2506; x_wconf 86' lang='lat' dir='ltr'>figuris</span> <span class='ocrx_word' id='word_1_105' title='bbox 1011 2413 1057 2486; x_wconf 94' lang='lat' dir='ltr'>ad</span> <span class='ocrx_word' id='word_1_106' title='bbox 1071 2413 1337 2487; x_wconf 80' lang='lat' dir='ltr'>incantamenta</span> <span class='ocrx_word' id='word_1_107' title='bbox 1349 2431 1450 2484; x_wconf 92' lang='lat' dir='ltr'>usur·</span> 
     </span>
     <span class='ocr_line' id='line_1_17' title="bbox 383 2518 1448 2633; baseline -0.004 -23"><span class='ocrx_word' id='word_1_108' title='bbox 383 2539 477 2630; x_wconf 91' lang='lat' dir='ltr'>patis</span> <span class='ocrx_word' id='word_1_109' title='bbox 501 2536 565 2633; x_wconf 79' lang='lat' dir='ltr'>(t).</span> <span class='ocrx_word' id='word_1_110' title='bbox 590 2537 660 2612; x_wconf 89' lang='lat' dir='ltr'>Sed</span> <span class='ocrx_word' id='word_1_111' title='bbox 679 2536 773 2609; x_wconf 93' lang='lat' dir='ltr'>nibil</span> <span class='ocrx_word' id='word_1_112' title='bbox 792 2518 891 2608; x_wconf 87' lang='lat' dir='ltr'>aliud</span> <span class='ocrx_word' id='word_1_113' title='bbox 909 2537 1016 2609; x_wconf 91' lang='lat' dir='ltr'>nobis</span> <span class='ocrx_word' id='word_1_114' title='bbox 1038 2536 1217 2609; x_wconf 91' lang='lat' dir='ltr'>inanimo</span> <span class='ocrx_word' id='word_1_115' title='bbox 1241 2541 1316 2609; x_wconf 90' lang='lat' dir='ltr'>erat</span> <span class='ocrx_word' id='word_1_116' title='bbox 1340 2551 1448 2626; x_wconf 87' lang='lat' dir='ltr'>quam</span> 
     </span>
     <span class='ocr_line' id='line_1_18' title="bbox 291 2657 1449 2751; baseline -0.003 -20"><span class='ocrx_word' id='word_1_117' title='bbox 291 2728 292 2731; x_wconf 42' lang='grc'><strong>.</strong></span> <span class='ocrx_word' id='word_1_118' title='bbox 385 2660 573 2734; x_wconf 88' lang='lat' dir='ltr'>ostendere</span> <span class='ocrx_word' id='word_1_119' title='bbox 591 2660 785 2734; x_wconf 92' lang='lat' dir='ltr'>admodum</span> <span class='ocrx_word' id='word_1_120' title='bbox 806 2660 960 2733; x_wconf 88' lang='lat' dir='ltr'>similam</span> <span class='ocrx_word' id='word_1_121' title='bbox 981 2679 1070 2734; x_wconf 83' lang='lat' dir='ltr'>eerae</span> <span class='ocrx_word' id='word_1_122' title='bbox 1086 2668 1120 2734; x_wconf 91' lang='lat' dir='ltr'>et</span> <span class='ocrx_word' id='word_1_123' title='bbox 1134 2660 1269 2751; x_wconf 81' lang='lat' dir='ltr'>argillae</span> <span class='ocrx_word' id='word_1_124' title='bbox 1286 2676 1392 2737; x_wconf 86' lang='lat' dir='ltr'>usum</span> <span class='ocrx_word' id='word_1_125' title='bbox 1410 2657 1449 2729; x_wconf 92' lang='lat' dir='ltr'>in</span> 
     </span>
     <span class='ocr_line' id='line_1_19' title="bbox 384 2782 1450 2878; baseline -0.002 -22"><span class='ocrx_word' id='word_1_126' title='bbox 384 2784 492 2858; x_wconf 83' lang='lat' dir='ltr'>variis</span> <span class='ocrx_word' id='word_1_127' title='bbox 512 2784 670 2877; x_wconf 86' lang='lat' dir='ltr'>fingendi</span> <span class='ocrx_word' id='word_1_128' title='bbox 690 2786 840 2859; x_wconf 90' lang='lat' dir='ltr'>artibus.</span> <span class='ocrx_word' id='word_1_129' title='bbox 862 2786 946 2861; x_wconf 95' lang='lat' dir='ltr'>ldeo</span> <span class='ocrx_word' id='word_1_130' title='bbox 966 2787 1103 2860; x_wconf 87' lang='lat' dir='ltr'>Tullius</span> <span class='ocrx_word' id='word_1_131' title='bbox 1123 2803 1226 2878; x_wconf 87' lang='lat' dir='ltr'>aeque</span> <span class='ocrx_word' id='word_1_132' title='bbox 1243 2784 1350 2857; x_wconf 87' lang='lat' dir='ltr'>verba</span> <span class='ocrx_word' id='word_1_133' title='bbox 1367 2782 1450 2855; x_wconf 89' lang='lat' dir='ltr'>iaeit</span> 
     </span>
    </p>
   </div>
   <div class='ocr_carea' id='block_1_3' title="bbox 386 3051 1452 4371">
    <p class='ocr_par' dir='ltr' id='par_1_3' title="bbox 386 3051 1449 3207">
     <span class='ocr_line' id='line_1_20' title="bbox 386 3051 1449 3118; baseline -0.003 -11"><span class='ocrx_word' id='word_1_134' title='bbox 386 3059 437 3113; x_wconf 82' lang='lat' dir='ltr'>tur,</span> <span class='ocrx_word' id='word_1_135' title='bbox 452 3055 516 3104; x_wconf 93' lang='lat' dir='ltr'>-si</span> <span class='ocrx_word' id='word_1_136' title='bbox 530 3053 623 3104; x_wconf 81' lang='lat' dir='ltr'>doctos</span> <span class='ocrx_word' id='word_1_137' title='bbox 636 3052 734 3117; x_wconf 81' lang='lat' dir='ltr'>digitos</span> <span class='ocrx_word' id='word_1_138' title='bbox 750 3056 874 3118; x_wconf 84' lang='lat' dir='ltr'>jussaque</span> <span class='ocrx_word' id='word_1_139' title='bbox 888 3055 933 3104; x_wconf 86' lang='lat' dir='ltr'>flat</span> <span class='ocrx_word' id='word_1_140' title='bbox 947 3067 1027 3118; x_wconf 86' lang='lat' dir='ltr'>opus,</span> <span class='ocrx_word' id='word_1_141' title='bbox 1038 3058 1104 3105; x_wconf 89' lang='lat' dir='ltr'>-et</span> <span class='ocrx_word' id='word_1_142' title='bbox 1116 3068 1188 3105; x_wconf 85' lang='lat' dir='ltr'>nune</span> <span class='ocrx_word' id='word_1_143' title='bbox 1202 3054 1327 3104; x_wconf 77' lang='lat' dir='ltr'>informet</span> <span class='ocrx_word' id='word_1_144' title='bbox 1338 3051 1449 3104; x_wconf 84' lang='lat' dir='ltr'>Martem</span> 
     </span>
     <span class='ocr_line' id='line_1_21' title="bbox 386 3141 1449 3207; baseline -0.001 -13"><span class='ocrx_word' id='word_1_145' title='bbox 386 3148 517 3194; x_wconf 79' lang='lat' dir='ltr'>castamve</span> <span class='ocrx_word' id='word_1_146' title='bbox 528 3141 688 3204; x_wconf 86' lang='lat' dir='ltr'>Minervam,</span> <span class='ocrx_word' id='word_1_147' title='bbox 702 3169 731 3178; x_wconf 97' lang='lat'>-</span> <span class='ocrx_word' id='word_1_148' title='bbox 746 3156 816 3194; x_wconf 88' lang='lat' dir='ltr'>nune</span> <span class='ocrx_word' id='word_1_149' title='bbox 831 3142 962 3195; x_wconf 89' lang='lat' dir='ltr'>Venerem</span> <span class='ocrx_word' id='word_1_150' title='bbox 979 3144 1100 3207; x_wconf 78' lang='lat' dir='ltr'>effingat,</span> <span class='ocrx_word' id='word_1_151' title='bbox 1117 3158 1188 3194; x_wconf 88' lang='lat' dir='ltr'>nunc</span> <span class='ocrx_word' id='word_1_152' title='bbox 1203 3143 1316 3195; x_wconf 83' lang='lat' dir='ltr'>Venetis</span> <span class='ocrx_word' id='word_1_153' title='bbox 1328 3157 1449 3207; x_wconf 90' lang='lat' dir='ltr'>puerum.</span> 
     </span>
    </p>

    <p class='ocr_par' dir='ltr' id='par_1_4' title="bbox 386 3231 1450 3385">
     <span class='ocr_line' id='line_1_22' title="bbox 419 3231 1450 3298; baseline -0.002 -14"><span class='ocrx_word' id='word_1_154' title='bbox 419 3232 452 3297; x_wconf 85' lang='lat' dir='ltr'>(l)</span> <span class='ocrx_word' id='word_1_155' title='bbox 471 3231 605 3294; x_wconf 78' lang='lat' dir='ltr'>Juvenal,</span> <span class='ocrx_word' id='word_1_156' title='bbox 620 3233 685 3295; x_wconf 77' lang='lat' dir='ltr'>Sat,</span> <span class='ocrx_word' id='word_1_157' title='bbox 703 3246 755 3290; x_wconf 85' lang='lat' dir='ltr'>xn,</span> <span class='ocrx_word' id='word_1_158' title='bbox 773 3232 812 3281; x_wconf 82' lang='lat' dir='ltr'>et.</span> <span class='ocrx_word' id='word_1_159' title='bbox 830 3233 894 3283; x_wconf 88' lang='lat' dir='ltr'>Inde</span> <span class='ocrx_word' id='word_1_160' title='bbox 911 3233 1017 3284; x_wconf 89' lang='lat' dir='ltr'>domum</span> <span class='ocrx_word' id='word_1_161' title='bbox 1033 3237 1163 3297; x_wconf 85' lang='lat' dir='ltr'>repetam,</span> <span class='ocrx_word' id='word_1_162' title='bbox 1177 3234 1289 3298; x_wconf 77' lang='lat' dir='ltr'>graciles</span> <span class='ocrx_word' id='word_1_163' title='bbox 1308 3233 1354 3284; x_wconf 89' lang='lat' dir='ltr'>ubi</span> <span class='ocrx_word' id='word_1_164' title='bbox 1368 3247 1450 3295; x_wconf 87' lang='lat' dir='ltr'>parva</span> 
     </span>
     <span class='ocr_line' id='line_1_23' title="bbox 386 3321 1157 3385; baseline -0.001 -12"><span class='ocrx_word' id='word_1_165' title='bbox 386 3335 497 3373; x_wconf 79' lang='lat' dir='ltr'>coronas</span> <span class='ocrx_word' id='word_1_166' title='bbox 511 3348 541 3359; x_wconf 94' lang='lat'>—</span> <span class='ocrx_word' id='word_1_167' title='bbox 555 3321 691 3385; x_wconf 84' lang='lat' dir='ltr'>accipiunt</span> <span class='ocrx_word' id='word_1_168' title='bbox 705 3323 792 3385; x_wconf 75' lang='lat' dir='ltr'>fragili</span> <span class='ocrx_word' id='word_1_169' title='bbox 807 3322 950 3373; x_wconf 85' lang='lat' dir='ltr'>simulacra</span> <span class='ocrx_word' id='word_1_170' title='bbox 964 3323 1076 3373; x_wconf 84' lang='lat' dir='ltr'>nitentia</span> <span class='ocrx_word' id='word_1_171' title='bbox 1087 3337 1157 3373; x_wconf 82' lang='lat' dir='ltr'>cera.</span> 
     </span>
    </p>

    <p class='ocr_par' dir='ltr' id='par_1_5' title="bbox 387 3410 1451 3842">
     <span class='ocr_line' id='line_1_24' title="bbox 420 3410 1451 3476; baseline 0.004 -18"><span class='ocrx_word' id='word_1_172' title='bbox 420 3410 453 3474; x_wconf 76' lang='lat' dir='ltr'>(t)</span> <span class='ocrx_word' id='word_1_173' title='bbox 470 3410 590 3467; x_wconf 89' lang='lat' dir='ltr'>Plinius,</span> <span class='ocrx_word' id='word_1_174' title='bbox 603 3413 662 3462; x_wconf 75' lang='lat' dir='ltr'>Not·</span> <span class='ocrx_word' id='word_1_175' title='bbox 680 3411 749 3473; x_wconf 80' lang='lat' dir='ltr'>bist,</span> <span class='ocrx_word' id='word_1_176' title='bbox 764 3424 847 3471; x_wconf 83' lang='lat' dir='ltr'>xxxv,</span> <span class='ocrx_word' id='word_1_177' title='bbox 865 3411 917 3462; x_wconf 81' lang='lat'>153.</span> <span class='ocrx_word' id='word_1_178' title='bbox 935 3412 1057 3463; x_wconf 89' lang='lat' dir='ltr'>Hominis</span> <span class='ocrx_word' id='word_1_179' title='bbox 1070 3416 1159 3462; x_wconf 88' lang='lat' dir='ltr'>antem</span> <span class='ocrx_word' id='word_1_180' title='bbox 1175 3411 1319 3476; x_wconf 79' lang='lat' dir='ltr'>imaginem</span> <span class='ocrx_word' id='word_1_181' title='bbox 1332 3425 1418 3476; x_wconf 81' lang='lat' dir='ltr'>gypso</span> <span class='ocrx_word' id='word_1_182' title='bbox 1436 3425 1451 3462; x_wconf 86' lang='lat' dir='ltr'>e</span> 
     </span>
     <span class='ocr_line' id='line_1_25' title="bbox 387 3500 1450 3566; baseline 0.001 -16"><span class='ocrx_word' id='word_1_183' title='bbox 387 3500 455 3551; x_wconf 79' lang='lat' dir='ltr'>facie</span> <span class='ocrx_word' id='word_1_184' title='bbox 471 3500 529 3562; x_wconf 88' lang='lat' dir='ltr'>ipsa</span> <span class='ocrx_word' id='word_1_185' title='bbox 543 3500 644 3562; x_wconf 89' lang='lat' dir='ltr'>primus</span> <span class='ocrx_word' id='word_1_186' title='bbox 661 3502 781 3551; x_wconf 91' lang='lat' dir='ltr'>omnium</span> <span class='ocrx_word' id='word_1_187' title='bbox 798 3503 930 3566; x_wconf 82' lang='lat' dir='ltr'>expressit</span> <span class='ocrx_word' id='word_1_188' title='bbox 944 3516 1056 3565; x_wconf 86' lang='lat' dir='ltr'>ceraque</span> <span class='ocrx_word' id='word_1_189' title='bbox 1072 3503 1100 3552; x_wconf 91' lang='lat' dir='ltr'>in</span> <span class='ocrx_word' id='word_1_190' title='bbox 1115 3516 1173 3552; x_wconf 86' lang='lat' dir='ltr'>eam</span> <span class='ocrx_word' id='word_1_191' title='bbox 1187 3503 1299 3553; x_wconf 83' lang='lat' dir='ltr'>formam</span> <span class='ocrx_word' id='word_1_192' title='bbox 1313 3502 1391 3566; x_wconf 80' lang='lat' dir='ltr'>gypsi</span> <span class='ocrx_word' id='word_1_193' title='bbox 1404 3502 1450 3551; x_wconf 92' lang='lat' dir='ltr'>in·</span> 
     </span>
     <span class='ocr_line' id='line_1_26' title="bbox 387 3589 1451 3656; baseline 0.002 -17"><span class='ocrx_word' id='word_1_194' title='bbox 387 3589 447 3640; x_wconf 87' lang='lat' dir='ltr'>ltrsa</span> <span class='ocrx_word' id='word_1_195' title='bbox 463 3589 602 3639; x_wconf 84' lang='lat' dir='ltr'>emendare</span> <span class='ocrx_word' id='word_1_196' title='bbox 619 3589 735 3640; x_wconf 90' lang='lat' dir='ltr'>instituit</span> <span class='ocrx_word' id='word_1_197' title='bbox 755 3591 921 3655; x_wconf 83' lang='lat' dir='ltr'>Lysistratus</span> <span class='ocrx_word' id='word_1_198' title='bbox 941 3589 1101 3655; x_wconf 82' lang='lat' dir='ltr'>Sicyonius,</span> <span class='ocrx_word' id='word_1_199' title='bbox 1116 3592 1198 3641; x_wconf 82' lang='lat' dir='ltr'>trater</span> <span class='ocrx_word' id='word_1_200' title='bbox 1212 3591 1336 3656; x_wconf 86' lang='lat' dir='ltr'>Lysippi,</span> <span class='ocrx_word' id='word_1_201' title='bbox 1351 3590 1385 3641; x_wconf 86' lang='lat' dir='ltr'>de</span> <span class='ocrx_word' id='word_1_202' title='bbox 1398 3604 1451 3654; x_wconf 85' lang='lat' dir='ltr'>quo</span> 
     </span>
     <span class='ocr_line' id='line_1_27' title="bbox 387 3672 1450 3744; baseline 0.002 -16"><span class='ocrx_word' id='word_1_203' title='bbox 387 3672 513 3729; x_wconf 88' lang='lat' dir='ltr'>diximus.</span> <span class='ocrx_word' id='word_1_204' title='bbox 528 3676 580 3728; x_wconf 89' lang='lat' dir='ltr'>Hic</span> <span class='ocrx_word' id='word_1_205' title='bbox 597 3681 624 3729; x_wconf 90' lang='lat' dir='ltr'>et</span> <span class='ocrx_word' id='word_1_206' title='bbox 642 3679 829 3730; x_wconf 85' lang='lat' dir='ltr'>similitudines</span> <span class='ocrx_word' id='word_1_207' title='bbox 846 3680 955 3731; x_wconf 88' lang='lat' dir='ltr'>reddere</span> <span class='ocrx_word' id='word_1_208' title='bbox 973 3681 1107 3742; x_wconf 83' lang='lat' dir='ltr'>instituit3</span> <span class='ocrx_word' id='word_1_209' title='bbox 1127 3684 1188 3731; x_wconf 88' lang='lat' dir='ltr'>ante</span> <span class='ocrx_word' id='word_1_210' title='bbox 1209 3694 1271 3732; x_wconf 88' lang='lat' dir='ltr'>eum</span> <span class='ocrx_word' id='word_1_211' title='bbox 1288 3694 1368 3744; x_wconf 83' lang='lat' dir='ltr'>quam</span> <span class='ocrx_word' id='word_1_212' title='bbox 1388 3681 1450 3744; x_wconf 92' lang='lat' dir='ltr'>pul·</span> 
     </span>
     <span class='ocr_line' id='line_1_28' title="bbox 388 3766 805 3842; baseline 0.005 -24"><span class='ocrx_word' id='word_1_213' title='bbox 388 3766 532 3818; x_wconf 85' lang='lat' dir='ltr'>cherrimas</span> <span class='ocrx_word' id='word_1_214' title='bbox 546 3768 632 3818; x_wconf 82' lang='lat' dir='ltr'>iacere</span> <span class='ocrx_word' id='word_1_215' title='bbox 643 3769 791 3819; x_wconf 87' lang='lat' dir='ltr'>studebant.</span> <span class='ocrx_word' id='word_1_216' title='bbox 803 3839 805 3842; x_wconf 10' lang='grc' dir='ltr'><strong><em>Δ</em></strong></span> 
     </span>
    </p>

    <p class='ocr_par' dir='ltr' id='par_1_6' title="bbox 388 3854 1452 4280">
     <span class='ocr_line' id='line_1_29' title="bbox 419 3854 1452 3923; baseline 0.005 -18"><span class='ocrx_word' id='word_1_217' title='bbox 419 3855 453 3920; x_wconf 87' lang='grc'>(3)</span> <span class='ocrx_word' id='word_1_218' title='bbox 466 3854 567 3906; x_wconf 82' lang='lat' dir='ltr'>Cuncta</span> <span class='ocrx_word' id='word_1_219' title='bbox 581 3857 614 3907; x_wconf 90' lang='lat' dir='ltr'>de</span> <span class='ocrx_word' id='word_1_220' title='bbox 628 3858 670 3906; x_wconf 89' lang='lat' dir='ltr'>bis</span> <span class='ocrx_word' id='word_1_221' title='bbox 682 3861 761 3908; x_wconf 88' lang='lat' dir='ltr'>rebus</span> <span class='ocrx_word' id='word_1_222' title='bbox 775 3859 925 3909; x_wconf 87' lang='lat' dir='ltr'>testimonia</span> <span class='ocrx_word' id='word_1_223' title='bbox 937 3859 1014 3909; x_wconf 89' lang='lat' dir='ltr'>nobis</span> <span class='ocrx_word' id='word_1_224' title='bbox 1029 3873 1182 3911; x_wconf 85' lang='lat' dir='ltr'>enumerare</span> <span class='ocrx_word' id='word_1_225' title='bbox 1194 3874 1247 3911; x_wconf 91' lang='lat' dir='ltr'>non</span> <span class='ocrx_word' id='word_1_226' title='bbox 1262 3860 1337 3921; x_wconf 88' lang='lat' dir='ltr'>lieet,</span> <span class='ocrx_word' id='word_1_227' title='bbox 1360 3861 1452 3923; x_wconf 84' lang='lat' dir='ltr'>utpote</span> 
     </span>
     <span class='ocr_line' id='line_1_30' title="bbox 388 3944 1451 4011; baseline 0.007 -17"><span class='ocrx_word' id='word_1_228' title='bbox 388 3957 448 4009; x_wconf 81' lang='lat' dir='ltr'>quse</span> <span class='ocrx_word' id='word_1_229' title='bbox 462 3945 515 3995; x_wconf 87' lang='lat' dir='ltr'>sint</span> <span class='ocrx_word' id='word_1_230' title='bbox 534 3946 755 4009; x_wconf 75' lang='lat' dir='ltr'>frequentissima.</span> <span class='ocrx_word' id='word_1_231' title='bbox 772 3944 813 3998; x_wconf 79' lang='lat' dir='ltr'>Cf.</span> <span class='ocrx_word' id='word_1_232' title='bbox 830 3946 997 4011; x_wconf 84' lang='lat' dir='ltr'>Marquardt‚</span> <span class='ocrx_word' id='word_1_233' title='bbox 1014 3949 1156 3999; x_wconf 82' lang='lat' dir='ltr'>lloadbust</span> <span class='ocrx_word' id='word_1_234' title='bbox 1170 3950 1214 4000; x_wconf 81' lang='lat' dir='ltr'>der</span> <span class='ocrx_word' id='word_1_235' title='bbox 1233 3949 1382 3999; x_wconf 79' lang='lat' dir='ltr'>ltdmisebera</span> <span class='ocrx_word' id='word_1_236' title='bbox 1402 3947 1451 4001; x_wconf 78' lang='lat' dir='ltr'>At·</span> 
     </span>
     <span class='ocr_line' id='line_1_31' title="bbox 389 4034 1449 4102; baseline 0.001 -15"><span class='ocrx_word' id='word_1_237' title='bbox 389 4034 473 4096; x_wconf 64' lang='lat' dir='ltr'>totth„</span> <span class='ocrx_word' id='word_1_238' title='bbox 492 4035 666 4096; x_wconf 76' lang='lat' dir='ltr'>Priaotlebsa,</span> <span class='ocrx_word' id='word_1_239' title='bbox 688 4040 708 4087; x_wconf 88' lang='lat' dir='ltr'>t.</span> <span class='ocrx_word' id='word_1_240' title='bbox 723 4050 773 4094; x_wconf 83' lang='lat' dir='ltr'>vn,</span> <span class='ocrx_word' id='word_1_241' title='bbox 788 4052 813 4102; x_wconf 91' lang='lat' dir='ltr'>p.</span> <span class='ocrx_word' id='word_1_242' title='bbox 829 4036 954 4096; x_wconf 76' lang='lat' dir='ltr'>tat-235,</span> <span class='ocrx_word' id='word_1_243' title='bbox 972 4036 1246 4100; x_wconf 74' lang='lat' dir='ltr'>alt-343331umner,</span> <span class='ocrx_word' id='word_1_244' title='bbox 1263 4036 1409 4102; x_wconf 79' lang='lat' dir='ltr'>Teobaoloy.</span> <span class='ocrx_word' id='word_1_245' title='bbox 1423 4053 1449 4088; x_wconf 81' lang='lat' dir='ltr'>u.</span> 
     </span>
     <span class='ocr_line' id='line_1_32' title="bbox 390 4126 1451 4194; baseline 0.003 -17"><span class='ocrx_word' id='word_1_246' title='bbox 390 4126 536 4188; x_wconf 57' lang='lat' dir='ltr'>Termiaol,</span> <span class='ocrx_word' id='word_1_247' title='bbox 552 4139 584 4188; x_wconf 86' lang='lat'>11,</span> <span class='ocrx_word' id='word_1_248' title='bbox 599 4141 625 4191; x_wconf 93' lang='lat' dir='ltr'>p.</span> <span class='ocrx_word' id='word_1_249' title='bbox 643 4127 764 4185; x_wconf 67' lang='lat' dir='ltr'>lto-1572</span> <span class='ocrx_word' id='word_1_250' title='bbox 782 4126 928 4190; x_wconf 86' lang='lat' dir='ltr'>Benndori,</span> <span class='ocrx_word' id='word_1_251' title='bbox 943 4128 1036 4179; x_wconf 69' lang='lat' dir='ltr'>totilae</span> <span class='ocrx_word' id='word_1_252' title='bbox 1055 4128 1247 4180; x_wconf 82' lang='lat' dir='ltr'>Gesicbtrlrelme</span> <span class='ocrx_word' id='word_1_253' title='bbox 1261 4144 1287 4179; x_wconf 82' lang='lat' dir='ltr'>u.</span> <span class='ocrx_word' id='word_1_254' title='bbox 1302 4128 1451 4194; x_wconf 80' lang='lat' dir='ltr'>Sepuleral·</span> 
     </span>
     <span class='ocr_line' id='line_1_33' title="bbox 388 4213 1449 4280; baseline 0 -14"><span class='ocrx_word' id='word_1_255' title='bbox 388 4215 506 4275; x_wconf 76' lang='lat' dir='ltr'>mosten,-</span> <span class='ocrx_word' id='word_1_256' title='bbox 523 4214 683 4280; x_wconf 81' lang='lat' dir='ltr'>Deremberg</span> <span class='ocrx_word' id='word_1_257' title='bbox 696 4219 723 4267; x_wconf 92' lang='lat' dir='ltr'>et</span> <span class='ocrx_word' id='word_1_258' title='bbox 734 4213 832 4280; x_wconf 85' lang='lat' dir='ltr'>Saglio‚</span> <span class='ocrx_word' id='word_1_259' title='bbox 847 4217 913 4268; x_wconf 80' lang='lat' dir='ltr'>bist.</span> <span class='ocrx_word' id='word_1_260' title='bbox 928 4218 970 4267; x_wconf 87' lang='lat' dir='ltr'>des</span> <span class='ocrx_word' id='word_1_261' title='bbox 983 4217 1131 4280; x_wconf 72' lang='lat' dir='ltr'>antiquius,</span> <span class='ocrx_word' id='word_1_262' title='bbox 1144 4217 1237 4269; x_wconf 83' lang='lat' dir='ltr'>article</span> <span class='ocrx_word' id='word_1_263' title='bbox 1251 4218 1322 4273; x_wconf 77' lang='lat' dir='ltr'>Geso,</span> <span class='ocrx_word' id='word_1_264' title='bbox 1338 4231 1363 4280; x_wconf 92' lang='lat' dir='ltr'>p.</span> <span class='ocrx_word' id='word_1_265' title='bbox 1382 4215 1449 4267; x_wconf 79' lang='lat'><strong>1019.</strong></span> 
     </span>
    </p>

    <p class='ocr_par' dir='ltr' id='par_1_7' title="bbox 422 4301 1081 4371">
     <span class='ocr_line' id='line_1_34' title="bbox 422 4301 1081 4371; baseline 0.002 -16"><span class='ocrx_word' id='word_1_266' title='bbox 422 4304 456 4370; x_wconf 82' lang='lat' dir='ltr'>(l)</span> <span class='ocrx_word' id='word_1_267' title='bbox 470 4301 509 4355; x_wconf 80' lang='lat' dir='ltr'>Gt.</span> <span class='ocrx_word' id='word_1_268' title='bbox 526 4303 660 4366; x_wconf 81' lang='lat' dir='ltr'>Bldmner,</span> <span class='ocrx_word' id='word_1_269' title='bbox 676 4303 724 4355; x_wconf 74' lang='lat' dir='ltr'>loe,</span> <span class='ocrx_word' id='word_1_270' title='bbox 736 4305 790 4366; x_wconf 78' lang='lat' dir='ltr'>ait,</span> <span class='ocrx_word' id='word_1_271' title='bbox 803 4321 830 4371; x_wconf 88' lang='lat' dir='ltr'>p.</span> <span class='ocrx_word' id='word_1_272' title='bbox 847 4303 900 4356; x_wconf 79' lang='lat' dir='ltr'>tte.</span> <span class='ocrx_word' id='word_1_273' title='bbox 1080 4309 1081 4312; x_wconf 78' lang='grc'>’</span> 
     </span>
    </p>
   </div>
   <div class='ocr_carea' id='block_1_4' title="bbox 0 0 1638 5234">
    <p class='ocr_par' dir='ltr' id='par_1_8' title="bbox 0 0 1638 5234">
     <span class='ocr_line' id='line_1_35' title="bbox 0 0 1638 5234; baseline 0 0"><span class='ocrx_word' id='word_1_274' title='bbox 0 0 1638 5234; x_wconf 95' lang='lat' dir='ltr'> </span> 
     </span>
    </p>
   </div>
  </div>
 </body>
</html>
