3246 5234
610 514 770 580 ..79-

161 653 187 726 Ε
206 656 433 746 paucissimis
458 654 602 744 quidern
627 656 717 747 typis
737 652 814 726 lieri
834 660 950 745 potest
970 661 1009 725 ut
1027 653 1099 727 lere
1117 654 1223 727 innu-

162 796 267 850 merae
291 779 498 851 exoriantur
522 778 662 870 figurae,
686 779 715 850 si
742 778 824 868 quis
851 777 1223 866 summa-dexteritate

162 902 282 974 omnia
302 911 426 994 ectypa
446 903 607 993 junxerit
630 910 664 975 et
689 902 871 974 miscuerit
898 900 965 997 (l).
984 901 1080 974 ldern
1103 920 1224 994 corpo·

161 1026 210 1097 ris
237 1033 384 1098 truncus
411 1028 546 1098 Baccho
571 1033 632 1098 aut
656 1025 812 1116 Apollini
838 1013 1124 1098 accommodatur
1148 1026 1221 1118 (i);

163 1150 256 1222 idern
277 1157 382 1240 caput
401 1151 565 1223 Victorias
581 1158 614 1222 ct
634 1149 754 1221 llrnori
773 1146 849 1243 (5);
872 1149 966 1221 idern
987 1156 1132 1241 petasus
1152 1151 1224 1222 ala·

164 1282 220 1347 tus
244 1276 416 1346 Mercurio
443 1282 478 1347 et
505 1275 651 1347 cuilibet
679 1274 896 1346 adolescenti
912 1271 991 1368 ll).
1018 1274 1055 1346 si
1080 1276 1161 1366 quis
1187 1275 1225 1349 iu

164 1397 330 1490 lingendo
358 1417 584 1490 praepropera
610 1398 838 1472 festinatione
865 1405 926 1469 aut
956 1398 1111 1470 ludibrio
1139 1417 1225 1472 usus
1343 1385 1344 1388 Ὺ

164 1522 248 1603 erit,
271 1521 436 1612 quaedam
465 1522 699 1595 insolentiora
723 1529 944 1594 nascentur:
966 1522 1120 1594 femineo
1147 1541 1223 1595 cor-

165 1646 241 1735 pori
267 1647 383 1737 Satyri
407 1653 512 1738 caput
537 1647 743 1738 impositum
773 1642 846 1739 (o),
872 1645 1024 1738 pistrina
1053 1641 1130 1718 deis
1155 1647 1224 1721 irc·

166 1777 335 1860 quentata
355 1771 427 1862 (6),
458 1773 615 1843 Bacchus
635 1772 776 1843 Arnoris
800 1771 867 1842 alis
891 1777 926 1843 et
952 1770 1128 1862 Apollinis
1152 1772 1229 1863 lyra

165 1895 361 1968 instructus
383 1893 451 1991 (7).
475 1899 561 1982 Quae
582 1895 727 1986 quidern
747 1895 963 1967 inconcinna
982 1896 1230 1968 demonstrant

166 2017 332 2092 lacillirne
351 2029 571 2102 erratururn,
591 2021 720 2111 siquis
740 2027 842 2093 acuta
862 2021 1229 2111 cogitationc'scruta·

166 2143 275 2227 bitur,
306 2146 588 2235 quidsenserit,
617 2144 705 2236 quid
728 2146 879 2216 voluerit
908 2145 1046 2218 artilex.
1076 2146 1131 2218 Fit
1156 2146 1229 2237 ple·

168 2286 320 2358 rurnque
339 2276 378 2341 ut
397 2270 489 2341 nillil
508 2270 714 2361 provideat,
735 2269 806 2340 uisi
828 2276 866 2341 ut
890 2270 1021 2341 lorrnas
1046 2269 1227 2361 lepidissi-

168 2409 243 2463 mas
268 2400 302 2464 et
325 2394 528 2467 eruentibus
551 2395 772 2486 gratissimas
800 2402 1001 2485 componat.
1030 2396 1109 2486 lpse
1133 2393 1229 2467 enirn
1327 2492 1331 2499 Ι

168 2517 319 2607 ignorat,
337 2537 443 2607 quem
465 2519 509 2591 ad
528 2518 636 2591 linern
656 2526 774 2609 ernpta
792 2537 848 2591 res
865 2520 1043 2611 posterius
1063 2518 1230 2592 adhihea-

170 2647 238 2722 tur,
261 2661 338 2714 curn
356 2643 543 2735 rnultiplex
560 2644 606 2716 sit
624 2644 823 2735 sigillorum
844 2660 945 2716 usus.

218 2767 304 2853 Quae
319 2768 612 2860 supradiximus,
630 2788 703 2840 non
720 2776 804 2841 sunt
821 2770 858 2840 in
874 2770 990 2860 maius
1010 2769 1227 2862 accipienda,

167 2910 284 2983 neque
299 2893 404 2965 nobis
419 2895 457 2965 in
479 2895 599 2966 anirno
616 2901 670 2967 est
684 2893 882 2967 artificibus
898 2913 1040 2966 ornnem
1056 2894 1230 2986 propositi

168 3015 252 3087 linis
279 3019 532 3090 conscientiam
560 3016 758 3091 detrahere.
789 3019 880 3110 lpsis
909 3026 1026 3092 autern
1053 3037 1073 3091 e
1099 3035 1228 3091 rnonu·

169 3141 298 3213 ruentis
314 3143 580 3234 deprehendere
597 3143 691 3226 licet,
708 3162 789 3234 quae
805 3144 922 3235 sigilla
936 3143 982 3216 ad
997 3150 1111 3217 certos
1128 3161 1228 3226 usus,

170 3284 250 3355 quae
268 3268 313 3339 ad
335 3267 488 3341 incertos
509 3268 610 3351 lictor
628 3269 880 3359 composuerit.
903 3269 943 3338 ln
964 3268 1036 3340 lere
1061 3267 1233 3343 omnious.

203 3572 234 3640 (Ι)
256 3570 295 3627 Ol.
316 3568 433 3641 Heuzey‚
456 3571 614 3629 lincamenta
632 3591 716 3643 precs.
740 3571 813 3641 laio.
836 3595 861 3642 p.
887 3578 922 3629 rt.
939 3569 1057 3640 Martha,
1080 3568 1229 3640 Cercopum

172 3683 195 3731 p.
209 3681 349 3719 xuni-xxv.
369 3669 434 3719 Ball.
448 3669 478 3718 dc
492 3682 558 3720 corr.
574 3668 674 3730 tollent,
689 3683 723 3731 vr,
736 3684 761 3733 p.
774 3668 888 3720 out-tus.

203 3757 235 3821 (i)
250 3757 316 3809 nott.
333 3759 362 3808 do
376 3773 440 3808 corr.
455 3758 553 3819 italien„
568 3772 604 3817 vr,
621 3759 656 3822 pl.
674 3757 710 3808 19.

205 3846 236 3910 (3)
252 3849 300 3903 ld..
321 3863 346 3912 p.
367 3847 427 3909 nol,
445 3850 480 3912 pl.
500 3848 536 3898 15.
554 3845 594 3898 Gi.
610 3848 787 3906 Lenormant.
804 3850 866 3903 (lux.
882 3849 924 3897 der
939 3849 1045 3910 ll.-orlr,
1063 3861 1133 3897 mars
1157 3845 1229 3908 1882.

173 3952 196 3999 l).
214 3931 269 3986 ‘loir

110 4034 119 4054 ’
204 4027 234 4091 (l)
252 4027 361 4089 Martha,
373 4027 517 4091 Catowpue,
530 4044 556 4092 p.
573 4041 636 4090 xxv,
650 4027 703 4078 438.

205 4121 500 4184 (stra.,p.xx1v,oro.
538 4136 542 4142 ·
687 4105 689 4108 ’

204 4212 235 4275 (6)
253 4214 300 4273 ld.¹
318 4229 342 4275 p.
356 4224 447 4271 xxvnr,
464 4210 501 4261 lo.

205 4301 236 4364 (7)
254 4302 328 4363 Ball,
343 4304 371 4351 da
385 4315 448 4351 corr.
463 4301 564 4359 hellen..
578 4315 612 4360 vr,
626 4314 652 4362 p.
668 4299 722 4358 564,
738 4300 774 4361 pl.
793 4298 827 4347 lu.
